

@article{livet2010ontology,
  title={Ontology, a mediator for agent-based modeling in social science},
  author={Livet, Pierre and M{\"u}ller, Jean Pierre and Phan, Denis and Sanders, Lena and Auatabu, Titeem},
  year={2010}
}


@phdthesis{raimbault2018caracterisation,
  title={Caract{\'e}risation et mod{\'e}lisation de la co-{\'e}volution des r{\'e}seaux de transport et des territoires},
  author={Raimbault, Juste},
  year={2018},
  school={Universit{\'e} Paris 7 Denis Diderot}
}

@article{raimbault2021empowering,
  title={Empowering open science with reflexive and spatialised indicators},
  author={Raimbault, Juste and Chasset, Pierre-Olivier and Cottineau, Cl{\'e}mentine and Commenges, Hadrien and Pumain, Denise and Kosmopoulos, Christine and Banos, Arnaud},
  journal={Environment and Planning B: Urban Analytics and City Science},
  volume={48},
  number={2},
  pages={298--313},
  year={2021},
  publisher={SAGE Publications Sage UK: London, England}
}

@book{giere2010scientific,
  title={Scientific perspectivism},
  author={Giere, Ronald N},
  year={2010},
  publisher={University of Chicago Press}
}

@phdthesis{baffi:tel-01389347,
  TITLE = {{Le chemin de fer et la ville dans les processus de territorialisation en Afrique du Sud : de la s{\'e}paration {\`a} l'int{\'e}gration territoriale ?}},
  AUTHOR = {Baffi, Sol{\`e}ne},
  URL = {https://halshs.archives-ouvertes.fr/tel-01389347},
  SCHOOL = {{Universit{\'e} Paris 1 - Panth{\'e}on Sorbonne}},
  YEAR = {2016},
  MONTH = Jan,
  KEYWORDS = {South Africa ; railways ; territorialisation ; inclusion/exclusion ; intra-urban mobilities ; mobilit{\'e}s intra-urbaines ; r{\'e}seau ferroviaire ; Afrique du Sud},
  TYPE = {Theses},
  PDF = {https://halshs.archives-ouvertes.fr/tel-01389347/file/Baffi_these_2015.pdf},
  HAL_ID = {tel-01389347},
  HAL_VERSION = {v1},
}

@incollection{pumain2008socio,
  title={The socio-spatial dynamics of systems of cities and innovation processes: a multi-level model},
  author={Pumain, Denise},
  booktitle={The Dynamics of Complex Urban Systems},
  pages={373--389},
  year={2008},
  publisher={Springer}
}

@article{reuillon2013openmole,
  title={OpenMOLE, a workflow engine specifically tailored for the distributed exploration of simulation models},
  author={Reuillon, Romain and Leclaire, Mathieu and Rey-Coyrehourcq, Sebastien},
  journal={Future Generation Computer Systems},
  volume={29},
  number={8},
  pages={1981--1990},
  year={2013},
  publisher={Elsevier}
}

@article{swerts2017data,
  title={A data base on Chinese urbanization: ChinaCities},
  author={Swerts, Elfie},
  journal={Cybergeo: European Journal of Geography},
  year={2017},
  publisher={CNRS-UMR G{\'e}ographie-cit{\'e}s 8504}
}


@article{pumain1997pour,
  title={Pour une th{\'e}orie {\'e}volutive des villes},
  author={Pumain, Denise},
  journal={L'Espace g{\'e}ographique},
  pages={119--134},
  year={1997},
  publisher={JSTOR}
}

@ARTICLE{2017arXiv170401407M,
   author = {{Moulin-Frier}, C. and {Puigb{\`o}}, J.-Y. and {Arsiwalla}, X.~D. and 
	{Sanchez-Fibla}, M. and {Verschure}, P.~F.~M.~J.},
    title = {Embodied Artificial Intelligence through Distributed Adaptive Control: An Integrated Framework},
  journal = {ArXiv e-prints},
archivePrefix = {arXiv},
   eprint = {1704.01407},
 primaryClass = {cs.AI},
 keywords = {Computer Science - Artificial Intelligence, Computer Science - Learning, Computer Science - Multiagent Systems},
     year = {2017},
    month = {apr},
   adsurl = {http://adsabs.harvard.edu/abs/2017arXiv170401407M},
  adsnote = {Provided by the SAO/NASA Astrophysics Data System}
}



@article{golden2012modeling,
  title={Modeling of complex systems ii: A minimalist and unified semantics for heterogeneous integrated systems},
  author={Golden, Boris and Aiguier, Marc and Krob, Daniel},
  journal={Applied Mathematics and Computation},
  volume={218},
  number={16},
  pages={8039--8055},
  year={2012},
  publisher={Elsevier}
}


@article{cottineau2015modular,
  title={A modular modelling framework for hypotheses testing in the simulation of urbanisation},
  author={Cottineau, Cl{\'e}mentine and Reuillon, Romain and Chapron, Paul and Rey-Coyrehourcq, S{\'e}bastien and Pumain, Denise},
  journal={Systems},
  volume={3},
  number={4},
  pages={348--377},
  year={2015},
  publisher={Multidisciplinary Digital Publishing Institute}
}

@article{carlile2004transferring,
  title={Transferring, translating, and transforming: An integrative framework for managing knowledge across boundaries},
  author={Carlile, Paul R},
  journal={Organization science},
  volume={15},
  number={5},
  pages={555--568},
  year={2004},
  publisher={INFORMS}
}


@inproceedings{durantin2016disruptive,
  title={Disruptive innovation in complex systems},
  author={Durantin, Arnaud and Fanmuy, Gauthier and Miet, S{\'e}gol{\`e}ne and Pegon, Val{\'e}rie},
  booktitle={International Conference on Complex Systems Design \& Management},
  pages={41--56},
  year={2016},
  organization={Springer}
}


@article{batty2009evolution,
  title={The evolution of cities: Geddes, Abercrombie and the new physicalism. Centenary paper},
  author={Batty, M and Marshall, S},
  journal={Town Planning Review},
  volume={80},
  number={6},
  pages={551--574},
  year={2009}
}

@article{raimbault2020cities,
  title={Cities as they could be: Artificial life and urban systems},
  author={Raimbault, Juste},
  journal={arXiv preprint arXiv:2002.12926},
  year={2020}
}

@article{fortunato2018science,
  title={Science of science},
  author={Fortunato, Santo and Bergstrom, Carl T and B{\"o}rner, Katy and Evans, James A and Helbing, Dirk and Milojevi{\'c}, Sta{\v{s}}a and Petersen, Alexander M and Radicchi, Filippo and Sinatra, Roberta and Uzzi, Brian and others},
  journal={Science},
  volume={359},
  number={6379},
  year={2018},
  publisher={American Association for the Advancement of Science}
}

@article{mingers2015review,
  title={A review of theory and practice in scientometrics},
  author={Mingers, John and Leydesdorff, Loet},
  journal={European journal of operational research},
  volume={246},
  number={1},
  pages={1--19},
  year={2015},
  publisher={Elsevier}
}

@book{de2012cognitive,
  title={The cognitive paradigm: Cognitive science, a newly explored approach to the study of cognition applied in an analysis of science and scientific knowledge},
  author={De Mey, Marc},
  volume={1},
  year={2012},
  publisher={Springer Science \& Business Media}
}


@article{grupp1998foundations,
  title={Foundations of the Economics of Innovation},
  author={Grupp, Hariolf and others},
  journal={Books},
  year={1998},
  publisher={Edward Elgar Publishing}
}


@book{hacking1999social,
  title={The social construction of what?},
  author={Hacking, Ian},
  year={1999},
  publisher={Harvard university press}
}

@book{callon2013science,
  title={La science telle qu'elle se fait: anthologie de la sociologie des sciences de langue anglaise},
  author={Callon, Michel and Latour, Bruno},
  year={2013},
  publisher={La d{\'e}couverte}
}


@incollection{griliches1998patent,
  title={Patent statistics as economic indicators: a survey},
  author={Griliches, Zvi},
  booktitle={R\&D and productivity: the econometric evidence},
  pages={287--343},
  year={1998},
  publisher={University of Chicago Press}
}

@data{BW3ACK_2016,
	Author = {Raimbault, Juste; Bergeaud, Antonin; Potiron, Yoann},
	Date-Added = {2016-09-21 13:47:12 +0000},
	Date-Modified = {2016-09-21 13:47:12 +0000},
	Doi = {10.7910/DVN/BW3ACK},
	Publisher = {Harvard Dataverse},
	Title = {USPTO Redbook Patent Data 1976-2012},
	Url = {http://dx.doi.org/10.7910/DVN/BW3ACK},
	Year = {2016},
	Bdsk-Url-1 = {http://dx.doi.org/10.7910/DVN/BW3ACK}}

@book{bais2010praise,
	Author = {Bais, Sander},
	Publisher = {MIT Press},
	Title = {In praise of science: curiosity, understanding, and progress},
	Year = {2010}}



@techreport{aghion2018b,
 title = "The Impact of Exports on Innovation: Theory and Evidence",
 author = "Philippe Aghion and Antonin Bergeaud and Matthieu Lequien and Marc J. Melitz",
 institution = "National Bureau of Economic Research",
 type = "Working Paper",
 series = "Working Paper Series",
 number = "24600",
 year = "2018",
 month = "May",
 doi = {10.3386/w24600}
 }
 
 @article{aghion2018a,
  title={Innovation and Top Income Inequality},
  author={Aghion, Philippe and Akcigit, Ufuk and Bergeaud, Antonin and Blundell, Richard and H{\'e}mous, David},
  year    = 2018,
  journal={Review of Economic Studies},
  vol = "Forthcoming"
}

@article{bloom2013,
  title={Identifying Technology Spillovers and Product Market Rivalry},
  author={Bloom, Nicholas and Schankerman, Mark and Van Reenen, John},
  journal={Econometrica},
  volume={81},
  number={4},
  pages={1347--1393},
  year={2013},
  publisher={Wiley Online Library}
}


@inproceedings{zhu2013scalable,
  title={Scalable text and link analysis with mixed-topic link models},
  author={Zhu, Yaojia and Yan, Xiaoran and Getoor, Lise and Moore, Cristopher},
  booktitle={Proceedings of the 19th ACM SIGKDD international conference on Knowledge discovery and data mining},
  pages={473--481},
  year={2013},
  organization={ACM}
}



@article{pumain2010theorie,
  title={Une th{\'e}orie g{\'e}ographique des villes},
  author={Pumain, Denise},
  journal={Bulletin de la Soci{\'e}t{\'e} g{\'e}ographie de Li{\`e}ge},
  number={55},
  pages={5--15},
  year={2010}
}




@article{li2014disambiguation,
  title={Disambiguation and co-authorship networks of the US patent inventor database (1975--2010)},
  author={Li, Guan-Cheng and Lai, Ronald and Dâ€™Amour, Alexander and Doolin, David M and Sun, Ye and Torvik, Vetle I and Amy, Z Yu and Fleming, Lee},
  journal={Research Policy},
  volume={43},
  number={6},
  pages={941--955},
  year={2014},
  publisher={Elsevier}
}



@article{gao2015multi,
  title={Multi-frequency complex network from time series for uncovering oil-water flow structure},
  author={Gao, Zhong-Ke and Yang, Yu-Xuan and Fang, Peng-Cheng and Jin, Ning-De and Xia, Cheng-Yi and Hu, Li-Dan},
  journal={Scientific reports},
  volume={5},
  pages={8222},
  year={2015},
  publisher={Nature Publishing Group}
}

@article{gao2016multivariate,
  title={Multivariate multiscale complex network analysis of vertical upward oil-water two-phase flow in a small diameter pipe},
  author={Gao, Zhong-Ke and Yang, Yu-Xuan and Zhai, Lu-Sheng and Dang, Wei-Dong and Yu, Jia-Liang and Jin, Ning-De},
  journal={Scientific reports},
  volume={6},
  year={2016},
  publisher={Nature Publishing Group}
}


@article{gao2017complex,
  title={Complex network analysis of time series},
  author={Gao, Zhong-Ke and Small, Michael and Kurths, J{\"u}rgen},
  journal={EPL (Europhysics Letters)},
  volume={116},
  number={5},
  pages={50001},
  year={2017},
  publisher={IOP Publishing}
}


@article{gao2015multiscale,
  title={Multiscale complex network for analyzing experimental multivariate time series},
  author={Gao, Zhong-Ke and Yang, Yu-Xuan and Fang, Peng-Cheng and Zou, Yong and Xia, Cheng-Yi and Du, Meng},
  journal={EPL (Europhysics Letters)},
  volume={109},
  number={3},
  pages={30005},
  year={2015},
  publisher={IOP Publishing}
}



@inproceedings{omodei2014social,
	Author = {Omodei, Elisa and Guo, Yufan and Cointet, Jean-Philippe and Poibeau, Thierry},
	Booktitle = {Proceedings of the 8th Workshop on Language Technology for Cultural Heritage, Social Sciences, and Humanities (LaTeCH)},
	Pages = {71--79},
	Title = {Social and semantic diversity: Socio-semantic representation of a scientific corpus},
	Year = {2014}}

@book{holland2012signals,
	Author = {Holland, John H},
	Publisher = {Mit Press},
	Title = {Signals and boundaries: Building blocks for complex adaptive systems},
	Year = {2012}}

@book{ziman2003technological,
	Author = {Ziman, John},
	Publisher = {Cambridge University Press},
	Title = {Technological innovation as an evolutionary process},
	Year = {2003}}

@article{ARCHIBUGI199279,
	Abstract = {The determinants and direction of the technological specialization of advanced countries are investigated in this paper using patent counts and citations as technology indicators. During the 1980s, international patenting increased more rapidly than the resources devoted to R&D, indicating a globalization of technology markets, paralleled by a growing degree of sectoral specialization of countries' innovative activities. A clear-cut inverse relationship between countries' technological size (measured by cumulative R&D expenditure) and degree of specialization has been found. Only large countries can afford to spread their activities across most technological fields, while small and medium-sized countries are to some extent forced to specialize in more narrow niches. Some methodological aspects in the use of patenting as an internationally comparable indicator are also discussed. Considerable differences emerged between patent specialization profiles in the internal and in external markets. Firms tend to protect their internal market through patenting also in fields where they do not excel at the international level, leading to a smoother specialization profile.},
	Author = {Daniele Archibugi and Mario Pianta},
	Doi = {http://dx.doi.org/10.1016/0048-7333(92)90028-3},
	Issn = {0048-7333},
	Journal = {Research Policy},
	Number = {1},
	Pages = {79 - 93},
	Title = {Specialization and size of technological activities in industrial countries: The analysis of patent data},
	Url = {http://www.sciencedirect.com/science/article/pii/0048733392900283},
	Volume = {21},
	Year = {1992},
	Bdsk-Url-1 = {http://www.sciencedirect.com/science/article/pii/0048733392900283},
	Bdsk-Url-2 = {http://dx.doi.org/10.1016/0048-7333(92)90028-3}}

@article{clauset2004finding,
	Author = {Clauset, Aaron and Newman, Mark EJ and Moore, Cristopher},
	Journal = {Physical review E},
	Number = {6},
	Pages = {066111},
	Title = {Finding community structure in very large networks},
	Volume = {70},
	Year = {2004}}

@article{nicosia2009extending,
	Author = {Nicosia, Vincenzo and Mangioni, Giuseppe and Carchiolo, Vincenza and Malgeri, Michele},
	Journal = {Journal of Statistical Mechanics: Theory and Experiment},
	Number = {03},
	Pages = {P03024},
	Publisher = {IOP Publishing},
	Title = {Extending the definition of modularity to directed graphs with overlapping communities},
	Volume = {2009},
	Year = {2009},
	Bdsk-File-1 = {YnBsaXN0MDDUAQIDBAUGJCVYJHZlcnNpb25YJG9iamVjdHNZJGFyY2hpdmVyVCR0b3ASAAGGoKgHCBMUFRYaIVUkbnVsbNMJCgsMDxJXTlMua2V5c1pOUy5vYmplY3RzViRjbGFzc6INDoACgAOiEBGABIAFgAdccmVsYXRpdmVQYXRoWWFsaWFzRGF0YV8QJS4uLy4uLy4uLy4uL0JpYmxpby9Eb2NzLzA4MDEuMTY0Ny5wZGbSFwsYGVdOUy5kYXRhTxEB2AAAAAAB2AACAAAMTWFjaW50b3NoIEhEAAAAAAAAAAAAAAAAAAAAykFabEgrAAADLlHSDTA4MDEuMTY0Ny5wZGYAAAAAAAAAAAAAAAAAAAAAAAAAAAAAAAAAAAAAAAAAAAAAAAAAAAAAAAAAAAAAAAAAAAR1mUbUflOAAAAAAAAAAAAABAADAAAJIAAAAAAAAAAAAAAAAAAAAAREb2NzABAACAAAykDp7AAAABEACAAA1H3jAAAAAAEAHAMuUdIDLk2vAy5NrQCQwikABQIVAAUCFAAAvuwAAgBgTWFjaW50b3NoIEhEOlVzZXJzOgBKdXN0ZToARG9jdW1lbnRzOgBDb21wbGV4U3lzdGVtczoAUGF0ZW50c01pbmluZzoAQmlibGlvOgBEb2NzOgAwODAxLjE2NDcucGRmAA4AHAANADAAOAAwADEALgAxADYANAA3AC4AcABkAGYADwAaAAwATQBhAGMAaQBuAHQAbwBzAGgAIABIAEQAEgBMVXNlcnMvSnVzdGUvRG9jdW1lbnRzL0NvbXBsZXhTeXN0ZW1zL1BhdGVudHNNaW5pbmcvQmlibGlvL0RvY3MvMDgwMS4xNjQ3LnBkZgATAAEvAAAVAAIADP//AACABtIbHB0eWiRjbGFzc25hbWVYJGNsYXNzZXNdTlNNdXRhYmxlRGF0YaMdHyBWTlNEYXRhWE5TT2JqZWN00hscIiNcTlNEaWN0aW9uYXJ5oiIgXxAPTlNLZXllZEFyY2hpdmVy0SYnVHJvb3SAAQAIABEAGgAjAC0AMgA3AEAARgBNAFUAYABnAGoAbABuAHEAcwB1AHcAhACOALYAuwDDAp8CoQKmArECugLIAswC0wLcAuEC7gLxAwMDBgMLAAAAAAAAAgEAAAAAAAAAKAAAAAAAAAAAAAAAAAAAAw0=}}

@article{mariani2016identification,
	Author = {Mariani, Manuel Sebastian and Medo, Matus and Zhang, Yi-Cheng},
	Journal = {arXiv preprint arXiv:1608.08414},
	Title = {Identification of milestone papers through time-balanced network centrality},
	Year = {2016}}

@article{leydesdorff2015can,
	Author = {Leydesdorff, Loet},
	Journal = {Scientometrics},
	Number = {3},
	Pages = {1441--1451},
	Publisher = {Springer},
	Title = {Can technology life-cycles be indicated by diversity in patent classifications? The crucial role of variety},
	Volume = {105},
	Year = {2015}}

@article{de2015ranking,
	Author = {De Domenico, Manlio and Sol{\'e}-Ribalta, Albert and Omodei, Elisa and G{\'o}mez, Sergio and Arenas, Alex},
	Journal = {Nature communications},
	Publisher = {Nature Publishing Group},
	Title = {Ranking in interconnected multilayer networks reveals versatile nodes},
	Volume = {6},
	Year = {2015}}

@article{blei2003latent,
	Author = {Blei, David M and Ng, Andrew Y and Jordan, Michael I},
	Journal = {Journal of machine Learning research},
	Number = {Jan},
	Pages = {993--1022},
	Title = {Latent dirichlet allocation},
	Volume = {3},
	Year = {2003}}

@article{kaplan2015double,
	Author = {Kaplan, Sarah and Vakili, Keyvan},
	Journal = {Strategic Management Journal},
	Number = {10},
	Pages = {1435--1457},
	Publisher = {Wiley Online Library},
	Title = {The double-edged sword of recombination in breakthrough innovation},
	Volume = {36},
	Year = {2015}}

@article{valles2016multilayer,
	Author = {Valles-Catala, Toni and Massucci, Francesco A and Guimera, Roger and Sales-Pardo, Marta},
	Journal = {Physical Review X},
	Number = {1},
	Pages = {011036},
	Publisher = {APS},
	Title = {Multilayer stochastic block models reveal the multilayer structure of complex networks},
	Volume = {6},
	Year = {2016}}

@article{strumsky2012using,
	Author = {Strumsky, Deborah and Lobo, Jos{\'e} and Van der Leeuw, Sander},
	Date-Added = {2016-04-08 14:58:05 +0000},
	Date-Modified = {2016-04-08 14:58:05 +0000},
	Journal = {Economics of Innovation and New technology},
	Number = {3},
	Pages = {267--286},
	Publisher = {Taylor \& Francis},
	Title = {Using patent technology codes to study technological change},
	Volume = {21},
	Year = {2012},
	Bdsk-File-1 = {YnBsaXN0MDDUAQIDBAUGJCVYJHZlcnNpb25YJG9iamVjdHNZJGFyY2hpdmVyVCR0b3ASAAGGoKgHCBMUFRYaIVUkbnVsbNMJCgsMDxJXTlMua2V5c1pOUy5vYmplY3RzViRjbGFzc6INDoACgAOiEBGABIAFgAdccmVsYXRpdmVQYXRoWWFsaWFzRGF0YV8QLC4uLy4uLy4uLy4uL0JpYmxpby9Eb2NzL1NGSV9XUF8xMC0xMS0wMjgucGRm0hcLGBlXTlMuZGF0YU8RAfYAAAAAAfYAAgAADE1hY2ludG9zaCBIRAAAAAAAAAAAAAAAAAAAAMpBWmxIKwAAAy5R0hRTRklfV1BfMTAtMTEtMDI4LnBkZgAAAAAAAAAAAAAAAAAAAAAAAAAAAAAAAAAAAAAAAAAAAAAAAAAAAAAAAAAEZppF1BBduwAAAAAAAAAAAAQAAwAACSAAAAAAAAAAAAAAAAAAAAAERG9jcwAQAAgAAMpA6ewAAAARAAgAANQP7TsAAAABABwDLlHSAy5NrwMuTa0AkMIpAAUCFQAFAhQAAL7sAAIAZ01hY2ludG9zaCBIRDpVc2VyczoASnVzdGU6AERvY3VtZW50czoAQ29tcGxleFN5c3RlbXM6AFBhdGVudHNNaW5pbmc6AEJpYmxpbzoARG9jczoAU0ZJX1dQXzEwLTExLTAyOC5wZGYAAA4AKgAUAFMARgBJAF8AVwBQAF8AMQAwAC0AMQAxAC0AMAAyADgALgBwAGQAZgAPABoADABNAGEAYwBpAG4AdABvAHMAaAAgAEgARAASAFNVc2Vycy9KdXN0ZS9Eb2N1bWVudHMvQ29tcGxleFN5c3RlbXMvUGF0ZW50c01pbmluZy9CaWJsaW8vRG9jcy9TRklfV1BfMTAtMTEtMDI4LnBkZgAAEwABLwAAFQACAAz//wAAgAbSGxwdHlokY2xhc3NuYW1lWCRjbGFzc2VzXU5TTXV0YWJsZURhdGGjHR8gVk5TRGF0YVhOU09iamVjdNIbHCIjXE5TRGljdGlvbmFyeaIiIF8QD05TS2V5ZWRBcmNoaXZlctEmJ1Ryb290gAEACAARABoAIwAtADIANwBAAEYATQBVAGAAZwBqAGwAbgBxAHMAdQB3AIQAjgC9AMIAygLEAsYCywLWAt8C7QLxAvgDAQMGAxMDFgMoAysDMAAAAAAAAAIBAAAAAAAAACgAAAAAAAAAAAAAAAAAAAMy}}

@article{10.1371/journal.pone.0121635,
	Abstract = {<p>The results in this paper establish that information contained in patents in a technological domain is strongly correlated with the rate of technological progress in that domain. The importance of patents in a domain, the recency of patents in a domain and the immediacy of patents in a domain are all strongly correlated with increases in the rate of performance improvement in the domain of interest. A patent metric that combines both importance and immediacy is not only highly correlated (r = 0.76, p = 2.6*10<sup>-6</sup>) with the performance improvement rate but the correlation is also very robust to domain selection and appears to have good predictive power for more than ten years into the future. Linear regressions with all three causal concepts indicate realistic value in practical use to estimate the important performance improvement rate of a technological domain.</p>},
	Author = {Benson, Christopher L. AND Magee, Christopher L.},
	Date-Added = {2016-03-16 10:48:32 +0000},
	Date-Modified = {2016-03-16 10:48:32 +0000},
	Doi = {10.1371/journal.pone.0121635},
	Journal = {PLoS ONE},
	Month = {04},
	Number = {4},
	Pages = {1-23},
	Publisher = {Public Library of Science},
	Title = {Quantitative Determination of Technological Improvement from Patent Data},
	Url = {http://dx.doi.org/10.1371%2Fjournal.pone.0121635},
	Volume = {10},
	Year = {2015},
	Bdsk-File-1 = {YnBsaXN0MDDUAQIDBAUGJCVYJHZlcnNpb25YJG9iamVjdHNZJGFyY2hpdmVyVCR0b3ASAAGGoKgHCBMUFRYaIVUkbnVsbNMJCgsMDxJXTlMua2V5c1pOUy5vYmplY3RzViRjbGFzc6INDoACgAOiEBGABIAFgAdccmVsYXRpdmVQYXRoWWFsaWFzRGF0YV8QMC4uLy4uLy4uLy4uL0JpYmxpby9Eb2NzL2pvdXJuYWwucG9uZS4wMTIxNjM1LlBERtIXCxgZV05TLmRhdGFPEQIGAAAAAAIGAAIAAAxNYWNpbnRvc2ggSEQAAAAAAAAAAAAAAAAAAADKQVpsSCsAAAMuUdIYam91cm5hbC5wb25lLjAxMjE2MzUuUERGAAAAAAAAAAAAAAAAAAAAAAAAAAAAAAAAAAAAAAAAAAAAAAAAAAAABGaaSdQQXbwAAAAAAAAAAAAEAAMAAAkgAAAAAAAAAAAAAAAAAAAABERvY3MAEAAIAADKQOnsAAAAEQAIAADUD+08AAAAAQAcAy5R0gMuTa8DLk2tAJDCKQAFAhUABQIUAAC+7AACAGtNYWNpbnRvc2ggSEQ6VXNlcnM6AEp1c3RlOgBEb2N1bWVudHM6AENvbXBsZXhTeXN0ZW1zOgBQYXRlbnRzTWluaW5nOgBCaWJsaW86AERvY3M6AGpvdXJuYWwucG9uZS4wMTIxNjM1LlBERgAADgAyABgAagBvAHUAcgBuAGEAbAAuAHAAbwBuAGUALgAwADEAMgAxADYAMwA1AC4AUABEAEYADwAaAAwATQBhAGMAaQBuAHQAbwBzAGgAIABIAEQAEgBXVXNlcnMvSnVzdGUvRG9jdW1lbnRzL0NvbXBsZXhTeXN0ZW1zL1BhdGVudHNNaW5pbmcvQmlibGlvL0RvY3Mvam91cm5hbC5wb25lLjAxMjE2MzUuUERGAAATAAEvAAAVAAIADP//AACABtIbHB0eWiRjbGFzc25hbWVYJGNsYXNzZXNdTlNNdXRhYmxlRGF0YaMdHyBWTlNEYXRhWE5TT2JqZWN00hscIiNcTlNEaWN0aW9uYXJ5oiIgXxAPTlNLZXllZEFyY2hpdmVy0SYnVHJvb3SAAQAIABEAGgAjAC0AMgA3AEAARgBNAFUAYABnAGoAbABuAHEAcwB1AHcAhACOAMEAxgDOAtgC2gLfAuoC8wMBAwUDDAMVAxoDJwMqAzwDPwNEAAAAAAAAAgEAAAAAAAAAKAAAAAAAAAAAAAAAAAAAA0Y=},
	Bdsk-Url-1 = {http://dx.doi.org/10.1371%2Fjournal.pone.0121635},
	Bdsk-Url-2 = {http://dx.doi.org/10.1371/journal.pone.0121635}}

@article{sorenson2006complexity,
	Author = {Sorenson, Olav and Rivkin, Jan W and Fleming, Lee},
	Journal = {Research policy},
	Number = {7},
	Pages = {994--1017},
	Publisher = {North-Holland},
	Title = {Complexity, networks and knowledge flow},
	Volume = {35},
	Year = {2006}}

@article{oecdpatentmanual,
	Author = {OECD},
	Doi = {http://dx.doi.org/10.1787/9789264056442-en},
	Publisher = {OECD Publishing},
	Title = {OECD Patent Statistics Manual},
	Url = {/content/book/9789264056442-en},
	Year = {2009},
	Bdsk-Url-1 = {/content/book/9789264056442-en},
	Bdsk-Url-2 = {http://dx.doi.org/10.1787/9789264056442-en}}

@article{bruck2016recognition,
	Author = {Bruck, P{\'e}ter and R{\'e}thy, Istv{\'a}n and Szente, Judit and Tobochnik, Jan and {\'E}rdi, P{\'e}ter},
	Journal = {Scientometrics},
	Number = {3},
	Pages = {1465--1475},
	Publisher = {Springer},
	Title = {Recognition of emerging technology trends: class-selective study of citations in the US Patent Citation Network},
	Volume = {107},
	Year = {2016}}

@article{ait2015modeling,
	Author = {A{\"\i}t-Sahalia, Yacine and Cacho-Diaz, Julio and Laeven, Roger JA},
	Date-Added = {2016-03-14 16:41:51 +0000},
	Date-Modified = {2016-03-14 16:41:51 +0000},
	Journal = {Journal of Financial Economics},
	Number = {3},
	Pages = {585--606},
	Publisher = {Elsevier},
	Title = {Modeling financial contagion using mutually exciting jump processes},
	Volume = {117},
	Year = {2015},
	Bdsk-File-1 = {YnBsaXN0MDDUAQIDBAUGJCVYJHZlcnNpb25YJG9iamVjdHNZJGFyY2hpdmVyVCR0b3ASAAGGoKgHCBMUFRYaIVUkbnVsbNMJCgsMDxJXTlMua2V5c1pOUy5vYmplY3RzViRjbGFzc6INDoACgAOiEBGABIAFgAdccmVsYXRpdmVQYXRoWWFsaWFzRGF0YV8QTC4uLy4uLy4uLy4uL0JpYmxpby9Eb2NzL0ZpbmFuY2lhbENvbnRhZ2lvbl8xLXMyLjAtUzAzMDQ0MDVYMTUwMDAyNjQtbWFpbi5wZGbSFwsYGVdOUy5kYXRhTxECYAAAAAACYAACAAAMTWFjaW50b3NoIEhEAAAAAAAAAAAAAAAAAAAAykFabEgrAAADLlHSH0ZpbmFuY2lhbENvbnRhZ2lvbl8jNDY2OUEzRi5wZGYAAAAAAAAAAAAAAAAAAAAAAAAAAAAAAAAAAAAAAAAAAARmmj/UEF26AAAAAAAAAAAABAADAAAJIAAAAAAAAAAAAAAAAAAAAAREb2NzABAACAAAykDp7AAAABEACAAA1A/tOgAAAAEAHAMuUdIDLk2vAy5NrQCQwikABQIVAAUCFAAAvuwAAgByTWFjaW50b3NoIEhEOlVzZXJzOgBKdXN0ZToARG9jdW1lbnRzOgBDb21wbGV4U3lzdGVtczoAUGF0ZW50c01pbmluZzoAQmlibGlvOgBEb2NzOgBGaW5hbmNpYWxDb250YWdpb25fIzQ2NjlBM0YucGRmAA4AagA0AEYAaQBuAGEAbgBjAGkAYQBsAEMAbwBuAHQAYQBnAGkAbwBuAF8AMQAtAHMAMgAuADAALQBTADAAMwAwADQANAAwADUAWAAxADUAMAAwADAAMgA2ADQALQBtAGEAaQBuAC4AcABkAGYADwAaAAwATQBhAGMAaQBuAHQAbwBzAGgAIABIAEQAEgBzVXNlcnMvSnVzdGUvRG9jdW1lbnRzL0NvbXBsZXhTeXN0ZW1zL1BhdGVudHNNaW5pbmcvQmlibGlvL0RvY3MvRmluYW5jaWFsQ29udGFnaW9uXzEtczIuMC1TMDMwNDQwNVgxNTAwMDI2NC1tYWluLnBkZgAAEwABLwAAFQACAAz//wAAgAbSGxwdHlokY2xhc3NuYW1lWCRjbGFzc2VzXU5TTXV0YWJsZURhdGGjHR8gVk5TRGF0YVhOU09iamVjdNIbHCIjXE5TRGljdGlvbmFyeaIiIF8QD05TS2V5ZWRBcmNoaXZlctEmJ1Ryb290gAEACAARABoAIwAtADIANwBAAEYATQBVAGAAZwBqAGwAbgBxAHMAdQB3AIQAjgDdAOIA6gNOA1ADVQNgA2kDdwN7A4IDiwOQA50DoAOyA7UDugAAAAAAAAIBAAAAAAAAACgAAAAAAAAAAAAAAAAAAAO8}}

@article{kim2015technological,
	Author = {Kim, Daniel and Cerigo, Daniel Burkhardt and Jeong, Hawoong and Youn, Hyejin},
	Date-Added = {2016-03-11 18:48:25 +0000},
	Date-Modified = {2016-03-11 18:48:25 +0000},
	Journal = {arXiv preprint arXiv:1512.06169},
	Title = {Technological novelty profile and invention's future impact},
	Year = {2015},
	Bdsk-File-1 = {YnBsaXN0MDDUAQIDBAUGJCVYJHZlcnNpb25YJG9iamVjdHNZJGFyY2hpdmVyVCR0b3ASAAGGoKgHCBMUFRYaIVUkbnVsbNMJCgsMDxJXTlMua2V5c1pOUy5vYmplY3RzViRjbGFzc6INDoACgAOiEBGABIAFgAdccmVsYXRpdmVQYXRoWWFsaWFzRGF0YV8QUy4uLy4uLy4uLy4uL0JpYmxpby9Eb2NzL1RlY2hub05vdmVsdHlfYXJ0JTNBMTAuMTE0MCUyRmVwamRzJTJGczEzNjg4LTAxNi0wMDY5LTEucGRm0hcLGBlXTlMuZGF0YU8RAnQAAAAAAnQAAgAADE1hY2ludG9zaCBIRAAAAAAAAAAAAAAAAAAAAMpBWmxIKwAAAy5R0h9UZWNobm9Ob3ZlbHR5X2FydCUzIzQ2NjlBNDYucGRmAAAAAAAAAAAAAAAAAAAAAAAAAAAAAAAAAAAAAAAAAAAEZppG1BBduwAAAAAAAAAAAAQAAwAACSAAAAAAAAAAAAAAAAAAAAAERG9jcwAQAAgAAMpA6ewAAAARAAgAANQP7TsAAAABABwDLlHSAy5NrwMuTa0AkMIpAAUCFQAFAhQAAL7sAAIAck1hY2ludG9zaCBIRDpVc2VyczoASnVzdGU6AERvY3VtZW50czoAQ29tcGxleFN5c3RlbXM6AFBhdGVudHNNaW5pbmc6AEJpYmxpbzoARG9jczoAVGVjaG5vTm92ZWx0eV9hcnQlMyM0NjY5QTQ2LnBkZgAOAHgAOwBUAGUAYwBoAG4AbwBOAG8AdgBlAGwAdAB5AF8AYQByAHQAJQAzAEEAMQAwAC4AMQAxADQAMAAlADIARgBlAHAAagBkAHMAJQAyAEYAcwAxADMANgA4ADgALQAwADEANgAtADAAMAA2ADkALQAxAC4AcABkAGYADwAaAAwATQBhAGMAaQBuAHQAbwBzAGgAIABIAEQAEgB6VXNlcnMvSnVzdGUvRG9jdW1lbnRzL0NvbXBsZXhTeXN0ZW1zL1BhdGVudHNNaW5pbmcvQmlibGlvL0RvY3MvVGVjaG5vTm92ZWx0eV9hcnQlM0ExMC4xMTQwJTJGZXBqZHMlMkZzMTM2ODgtMDE2LTAwNjktMS5wZGYAEwABLwAAFQACAAz//wAAgAbSGxwdHlokY2xhc3NuYW1lWCRjbGFzc2VzXU5TTXV0YWJsZURhdGGjHR8gVk5TRGF0YVhOU09iamVjdNIbHCIjXE5TRGljdGlvbmFyeaIiIF8QD05TS2V5ZWRBcmNoaXZlctEmJ1Ryb290gAEACAARABoAIwAtADIANwBAAEYATQBVAGAAZwBqAGwAbgBxAHMAdQB3AIQAjgDkAOkA8QNpA2sDcAN7A4QDkgOWA50DpgOrA7gDuwPNA9AD1QAAAAAAAAIBAAAAAAAAACgAAAAAAAAAAAAAAAAAAAPX}}

@article{2016arXiv160208451P,
	Adsnote = {Provided by the SAO/NASA Astrophysics Data System},
	Adsurl = {http://adsabs.harvard.edu/abs/2016arXiv160208451P},
	Archiveprefix = {arXiv},
	Author = {{Palchykov}, V. and {Gemmetto}, V. and {Boyarsky}, A. and {Garlaschelli}, D.},
	Date-Added = {2016-03-01 08:26:05 +0000},
	Date-Modified = {2016-03-01 08:26:05 +0000},
	Eprint = {1602.08451},
	Journal = {ArXiv e-prints},
	Keywords = {Computer Science - Digital Libraries, Physics - Physics and Society},
	Month = feb,
	Primaryclass = {cs.DL},
	Title = {{Ground truth? Concept-based communities versus the external classification of physics manuscripts}},
	Year = 2016,
	Bdsk-File-1 = {YnBsaXN0MDDUAQIDBAUGJCVYJHZlcnNpb25YJG9iamVjdHNZJGFyY2hpdmVyVCR0b3ASAAGGoKgHCBMUFRYaIVUkbnVsbNMJCgsMDxJXTlMua2V5c1pOUy5vYmplY3RzViRjbGFzc6INDoACgAOiEBGABIAFgAdccmVsYXRpdmVQYXRoWWFsaWFzRGF0YV8QQC4uLy4uLy4uLy4uL0JpYmxpby9Eb2NzL0NvbmNlcHRCYXNlZENvbW11bml0aWVzXzE2MDIuMDg0NTF2MS5wZGbSFwsYGVdOUy5kYXRhTxECPAAAAAACPAACAAAMTWFjaW50b3NoIEhEAAAAAAAAAAAAAAAAAAAAykFabEgrAAADLlHSH0NvbmNlcHRCYXNlZENvbW11bmkjNDY2OUEzRC5wZGYAAAAAAAAAAAAAAAAAAAAAAAAAAAAAAAAAAAAAAAAAAARmmj3UEF26AAAAAAAAAAAABAADAAAJIAAAAAAAAAAAAAAAAAAAAAREb2NzABAACAAAykDp7AAAABEACAAA1A/tOgAAAAEAHAMuUdIDLk2vAy5NrQCQwikABQIVAAUCFAAAvuwAAgByTWFjaW50b3NoIEhEOlVzZXJzOgBKdXN0ZToARG9jdW1lbnRzOgBDb21wbGV4U3lzdGVtczoAUGF0ZW50c01pbmluZzoAQmlibGlvOgBEb2NzOgBDb25jZXB0QmFzZWRDb21tdW5pIzQ2NjlBM0QucGRmAA4AUgAoAEMAbwBuAGMAZQBwAHQAQgBhAHMAZQBkAEMAbwBtAG0AdQBuAGkAdABpAGUAcwBfADEANgAwADIALgAwADgANAA1ADEAdgAxAC4AcABkAGYADwAaAAwATQBhAGMAaQBuAHQAbwBzAGgAIABIAEQAEgBnVXNlcnMvSnVzdGUvRG9jdW1lbnRzL0NvbXBsZXhTeXN0ZW1zL1BhdGVudHNNaW5pbmcvQmlibGlvL0RvY3MvQ29uY2VwdEJhc2VkQ29tbXVuaXRpZXNfMTYwMi4wODQ1MXYxLnBkZgAAEwABLwAAFQACAAz//wAAgAbSGxwdHlokY2xhc3NuYW1lWCRjbGFzc2VzXU5TTXV0YWJsZURhdGGjHR8gVk5TRGF0YVhOU09iamVjdNIbHCIjXE5TRGljdGlvbmFyeaIiIF8QD05TS2V5ZWRBcmNoaXZlctEmJ1Ryb290gAEACAARABoAIwAtADIANwBAAEYATQBVAGAAZwBqAGwAbgBxAHMAdQB3AIQAjgDRANYA3gMeAyADJQMwAzkDRwNLA1IDWwNgA20DcAOCA4UDigAAAAAAAAIBAAAAAAAAACgAAAAAAAAAAAAAAAAAAAOM}}

@article{2016arXiv160207928B,
	Adsnote = {Provided by the SAO/NASA Astrophysics Data System},
	Adsurl = {http://adsabs.harvard.edu/abs/2016arXiv160207928B},
	Archiveprefix = {arXiv},
	Author = {{Bruck}, P. and {R{\'e}thy}, I. and {Szente}, J. and {Tobochnik}, J. and {{\'E}rdi}, P.},
	Date-Added = {2016-02-26 09:56:28 +0000},
	Date-Modified = {2016-02-26 09:56:28 +0000},
	Eprint = {1602.07928},
	Journal = {ArXiv e-prints},
	Keywords = {Computer Science - Digital Libraries, Physics - Physics and Society},
	Month = feb,
	Primaryclass = {cs.DL},
	Title = {{Recognition of Emerging Technology Trends. Class-selective study of citations in the U.S. Patent Citation Network}},
	Year = 2016}

@article{kay2014patent,
	Author = {Kay, Luciano and Newman, Nils and Youtie, Jan and Porter, Alan L and Rafols, Ismael},
	Journal = {Journal of the Association for Information Science and Technology},
	Number = {12},
	Pages = {2432--2443},
	Publisher = {Wiley Online Library},
	Title = {Patent overlay mapping: Visualizing technological distance},
	Volume = {65},
	Year = {2014}}

@techreport{RePEc:nbr:nberwo:3301,
	Abstract = {This survey reviews the growing use of patent data in economic analysis. After describing some of the main characteristics of patents and patent data, it focuses on the use of patents as an indicator of technological change. Cross-sectional and time-series studies of the relationship of patents to R\&D expenditures are reviewed, as well as scattered estimates of the distribution of patent values and the value of patent rights, the latter being based on recent analyses of European patent renewal data. Time-series trends of patents granted in the U.S. are examined and their decline in the 1970s is found to be an artifact of the budget stringencies at the Patent Office. The longer run downward trend in patents per R\&D dollar is interpreted not as an indication of diminishing returns but rather as a reflection of the changing meaning of such data over time. The conclusion is reached that, in spite of many difficulties and reservations, patent data remain a unique resource for the study of technical change.},
	Author = {Zvi Griliches},
	Institution = {National Bureau of Economic Research, Inc},
	Month = Mar,
	Number = {3301},
	Title = {{Patent Statistics as Economic Indicators: A Survey}},
	Type = {NBER Working Papers},
	Url = {https://ideas.repec.org/p/nbr/nberwo/3301.html},
	Year = 1990,
	Bdsk-Url-1 = {https://ideas.repec.org/p/nbr/nberwo/3301.html}}

@article{hall2005market,
	Author = {Hall, Bronwyn H and Jaffe, Adam and Trajtenberg, Manuel},
	Journal = {RAND Journal of economics},
	Pages = {16--38},
	Publisher = {JSTOR},
	Title = {Market value and patent citations},
	Year = {2005}}

@techreport{jaffe2016patent,
	Author = {Jaffe, Adam B and De Rassenfosse, Ga{\'e}tan},
	Institution = {National Bureau of Economic Research},
	Title = {Patent Citation Data in Social Science Research: Overview and Best Practices},
	Year = {2016}}

@article{hall2005market,
	Author = {Hall, Bronwyn H and Jaffe, Adam and Trajtenberg, Manuel},
	Journal = {RAND Journal of economics},
	Pages = {16--38},
	Publisher = {Rand},
	Title = {Market value and patent citations},
	Year = {2005}}

@article{romer1990,
	Abstract = { Growth in this model is driven by technological change that arises from intentional investment decisions made by profit-maximizing agents. The distinguishing feature of the technology as an input is that it is not a conventional good or a public good; it is a nonrival, partially excludable good. Because of the noconvexity introduced by a nonrival good, price-taking competition cannot be supported. Instead, the equilibrium is one with monopolistic competition. The main conclusions are that the stock of human capital determines the rate of growth, that too little human capital is devoted to research in equilibrium, that integration into world markets will increase growth rates, and that a large population is not sufficient to generate growth. Copyright 1990 by University of Chicago Press.},
	Author = {Romer, Paul M},
	Journal = {Journal of Political Economy},
	Month = {October},
	Number = {5},
	Pages = {S71-102},
	Title = {{Endogenous Technological Change}},
	Url = {https://ideas.repec.org/a/ucp/jpolec/v98y1990i5ps71-102.html},
	Volume = {98},
	Year = 1990,
	Bdsk-Url-1 = {https://ideas.repec.org/a/ucp/jpolec/v98y1990i5ps71-102.html}}

@article{lerner2015use,
	Author = {Lerner, Josh and Seru, Amit},
	Journal = {Booth/Harvard Business School Working Paper},
	Title = {The use and misuse of patent data: Issues for corporate finance and beyond},
	Year = {2015}}

@article{aghionhowitt1992,
	Abstract = { A model of endogenous growth is developed in which growth is driven by vertical innovations that involve creative destruction. Equilibrium is determined by a forward-looking difference equation, according to which the amount of research in any period depends negatively upon the amount expected next period. The paper analyzes positive and normative properties of stationary equilibria, and shows conditions for the existence of cyclical equilibria and no-growth traps. The growth rate may be more or less than optimal because a business-stealing effect counteracts the usual spillover and appropriability effects. In addition, innovations tend to be too small. Copyright 1992 by The Econometric Society.},
	Author = {Aghion, Philippe and Howitt, Peter},
	Journal = {Econometrica},
	Month = {March},
	Number = {2},
	Pages = {323-51},
	Title = {{A Model of Growth through Creative Destruction}},
	Url = {https://ideas.repec.org/a/ecm/emetrp/v60y1992i2p323-51.html},
	Volume = {60},
	Year = 1992,
	Bdsk-Url-1 = {https://ideas.repec.org/a/ecm/emetrp/v60y1992i2p323-51.html}}

@article{AAKnetwork2016,
	Author = {Acemoglu, Daron, Akcigit, Ufuk and Kerr, William},
	Journal = {Proceedings of the National Academy of Sciences (forthcoming)},
	Title = {{Innovation Network}},
	Year = 2016}

@article{rizzo2016innovation,
	Author = {Rizzo, Alessandro and Porfiri, Maurizio},
	Date-Added = {2016-02-08 13:23:07 +0000},
	Date-Modified = {2016-02-08 13:23:07 +0000},
	Journal = {The European Physical Journal B},
	Number = {1},
	Pages = {1--8},
	Publisher = {Springer},
	Title = {Innovation diffusion on time-varying activity driven networks},
	Volume = {89},
	Year = {2016},
	Bdsk-File-1 = {YnBsaXN0MDDUAQIDBAUGJCVYJHZlcnNpb25YJG9iamVjdHNZJGFyY2hpdmVyVCR0b3ASAAGGoKgHCBMUFRYaIVUkbnVsbNMJCgsMDxJXTlMua2V5c1pOUy5vYmplY3RzViRjbGFzc6INDoACgAOiEBGABIAFgAdccmVsYXRpdmVQYXRoWWFsaWFzRGF0YV8QJS4uLy4uLy4uLy4uL0JpYmxpby9Eb2NzL3JpenpvMjAxNi5wZGbSFwsYGVdOUy5kYXRhTxEB2AAAAAAB2AACAAAMTWFjaW50b3NoIEhEAAAAAAAAAAAAAAAAAAAAykFabEgrAAADLlHSDXJpenpvMjAxNi5wZGYAAAAAAAAAAAAAAAAAAAAAAAAAAAAAAAAAAAAAAAAAAAAAAAAAAAAAAAAAAAAAAAAAAARmmkrUEF28AAAAAAAAAAAABAADAAAJIAAAAAAAAAAAAAAAAAAAAAREb2NzABAACAAAykDp7AAAABEACAAA1A/tPAAAAAEAHAMuUdIDLk2vAy5NrQCQwikABQIVAAUCFAAAvuwAAgBgTWFjaW50b3NoIEhEOlVzZXJzOgBKdXN0ZToARG9jdW1lbnRzOgBDb21wbGV4U3lzdGVtczoAUGF0ZW50c01pbmluZzoAQmlibGlvOgBEb2NzOgByaXp6bzIwMTYucGRmAA4AHAANAHIAaQB6AHoAbwAyADAAMQA2AC4AcABkAGYADwAaAAwATQBhAGMAaQBuAHQAbwBzAGgAIABIAEQAEgBMVXNlcnMvSnVzdGUvRG9jdW1lbnRzL0NvbXBsZXhTeXN0ZW1zL1BhdGVudHNNaW5pbmcvQmlibGlvL0RvY3Mvcml6em8yMDE2LnBkZgATAAEvAAAVAAIADP//AACABtIbHB0eWiRjbGFzc25hbWVYJGNsYXNzZXNdTlNNdXRhYmxlRGF0YaMdHyBWTlNEYXRhWE5TT2JqZWN00hscIiNcTlNEaWN0aW9uYXJ5oiIgXxAPTlNLZXllZEFyY2hpdmVy0SYnVHJvb3SAAQAIABEAGgAjAC0AMgA3AEAARgBNAFUAYABnAGoAbABuAHEAcwB1AHcAhACOALYAuwDDAp8CoQKmArECugLIAswC0wLcAuEC7gLxAwMDBgMLAAAAAAAAAgEAAAAAAAAAKAAAAAAAAAAAAAAAAAAAAw0=}}

@article{katila2002something,
	Author = {Katila, Riitta and Ahuja, Gautam},
	Date-Added = {2016-02-04 19:38:51 +0000},
	Date-Modified = {2016-02-04 19:38:51 +0000},
	Journal = {Academy of management journal},
	Number = {6},
	Pages = {1183--1194},
	Publisher = {Academy of Management},
	Title = {Something old, something new: A longitudinal study of search behavior and new product introduction},
	Volume = {45},
	Year = {2002},
	Bdsk-File-1 = {YnBsaXN0MDDUAQIDBAUGJCVYJHZlcnNpb25YJG9iamVjdHNZJGFyY2hpdmVyVCR0b3ASAAGGoKgHCBMUFRYaIVUkbnVsbNMJCgsMDxJXTlMua2V5c1pOUy5vYmplY3RzViRjbGFzc6INDoACgAOiEBGABIAFgAdccmVsYXRpdmVQYXRoWWFsaWFzRGF0YV8QLi4uLy4uLy4uLy4uL0JpYmxpby9Eb2NzL0thdGlsYVNvbWV0aGluZ29sZC5wZGbSFwsYGVdOUy5kYXRhTxEB/gAAAAAB/gACAAAMTWFjaW50b3NoIEhEAAAAAAAAAAAAAAAAAAAAykFabEgrAAADLlHSFkthdGlsYVNvbWV0aGluZ29sZC5wZGYAAAAAAAAAAAAAAAAAAAAAAAAAAAAAAAAAAAAAAAAAAAAAAAAAAAAAAARmmkDUEF26AAAAAAAAAAAABAADAAAJIAAAAAAAAAAAAAAAAAAAAAREb2NzABAACAAAykDp7AAAABEACAAA1A/tOgAAAAEAHAMuUdIDLk2vAy5NrQCQwikABQIVAAUCFAAAvuwAAgBpTWFjaW50b3NoIEhEOlVzZXJzOgBKdXN0ZToARG9jdW1lbnRzOgBDb21wbGV4U3lzdGVtczoAUGF0ZW50c01pbmluZzoAQmlibGlvOgBEb2NzOgBLYXRpbGFTb21ldGhpbmdvbGQucGRmAAAOAC4AFgBLAGEAdABpAGwAYQBTAG8AbQBlAHQAaABpAG4AZwBvAGwAZAAuAHAAZABmAA8AGgAMAE0AYQBjAGkAbgB0AG8AcwBoACAASABEABIAVVVzZXJzL0p1c3RlL0RvY3VtZW50cy9Db21wbGV4U3lzdGVtcy9QYXRlbnRzTWluaW5nL0JpYmxpby9Eb2NzL0thdGlsYVNvbWV0aGluZ29sZC5wZGYAABMAAS8AABUAAgAM//8AAIAG0hscHR5aJGNsYXNzbmFtZVgkY2xhc3Nlc11OU011dGFibGVEYXRhox0fIFZOU0RhdGFYTlNPYmplY3TSGxwiI1xOU0RpY3Rpb25hcnmiIiBfEA9OU0tleWVkQXJjaGl2ZXLRJidUcm9vdIABAAgAEQAaACMALQAyADcAQABGAE0AVQBgAGcAagBsAG4AcQBzAHUAdwCEAI4AvwDEAMwCzgLQAtUC4ALpAvcC+wMCAwsDEAMdAyADMgM1AzoAAAAAAAACAQAAAAAAAAAoAAAAAAAAAAAAAAAAAAADPA==}}

@article{10.1371/journal.pone.0146180,
	Abstract = {<p>It has been suggested that innovations occur mainly by combination: the more inventions accumulate, the higher the probability that new inventions are obtained from previous designs. Additionally, it has been conjectured that the combinatorial nature of innovations naturally leads to a singularity: at some finite time, the number of innovations should diverge. Although these ideas are certainly appealing, no general models have been yet developed to test the conditions under which combinatorial technology should become explosive. Here we present a generalised model of technological evolution that takes into account two major properties: the number of previous technologies needed to create a novel one and how rapidly technology ages. Two different models of combinatorial growth are considered, involving different forms of ageing. When long-range memory is used and thus old inventions are available for novel innovations, singularities can emerge under some conditions with two phases separated by a critical boundary. If the ageing has a characteristic time scale, it is shown that no singularities will be observed. Instead, a ``black hole'' of old innovations appears and expands in time, making the rate of invention creation slow down into a linear regime.</p>},
	Author = {Sol{\'e}, Ricard AND Amor, Daniel R. AND Valverde, Sergi},
	Date-Added = {2016-02-02 08:36:46 +0000},
	Date-Modified = {2016-02-02 08:36:46 +0000},
	Doi = {10.1371/journal.pone.0146180},
	Journal = {PLoS ONE},
	Month = {01},
	Number = {1},
	Pages = {e0146180},
	Publisher = {Public Library of Science},
	Title = {On Singularities and Black Holes in Combination-Driven Models of Technological Innovation Networks},
	Url = {http://dx.doi.org/10.1371%2Fjournal.pone.0146180},
	Volume = {11},
	Year = {2016},
	Bdsk-File-1 = {YnBsaXN0MDDUAQIDBAUGJCVYJHZlcnNpb25YJG9iamVjdHNZJGFyY2hpdmVyVCR0b3ASAAGGoKgHCBMUFRYaIVUkbnVsbNMJCgsMDxJXTlMua2V5c1pOUy5vYmplY3RzViRjbGFzc6INDoACgAOiEBGABIAFgAdccmVsYXRpdmVQYXRoWWFsaWFzRGF0YV8QOy4uLy4uLy4uLy4uL0JpYmxpby9Eb2NzL0JsYWNrSG9sZXNfam91cm5hbC5wb25lLjAxNDYxODAucGRm0hcLGBlXTlMuZGF0YU8RAiwAAAAAAiwAAgAADE1hY2ludG9zaCBIRAAAAAAAAAAAAAAAAAAAAMpBWmxIKwAAAy5R0h9CbGFja0hvbGVzX2pvdXJuYWwuIzQ2NjlBM0MucGRmAAAAAAAAAAAAAAAAAAAAAAAAAAAAAAAAAAAAAAAAAAAEZpo81BBdugAAAAAAAAAAAAQAAwAACSAAAAAAAAAAAAAAAAAAAAAERG9jcwAQAAgAAMpA6ewAAAARAAgAANQP7ToAAAABABwDLlHSAy5NrwMuTa0AkMIpAAUCFQAFAhQAAL7sAAIAck1hY2ludG9zaCBIRDpVc2VyczoASnVzdGU6AERvY3VtZW50czoAQ29tcGxleFN5c3RlbXM6AFBhdGVudHNNaW5pbmc6AEJpYmxpbzoARG9jczoAQmxhY2tIb2xlc19qb3VybmFsLiM0NjY5QTNDLnBkZgAOAEgAIwBCAGwAYQBjAGsASABvAGwAZQBzAF8AagBvAHUAcgBuAGEAbAAuAHAAbwBuAGUALgAwADEANAA2ADEAOAAwAC4AcABkAGYADwAaAAwATQBhAGMAaQBuAHQAbwBzAGgAIABIAEQAEgBiVXNlcnMvSnVzdGUvRG9jdW1lbnRzL0NvbXBsZXhTeXN0ZW1zL1BhdGVudHNNaW5pbmcvQmlibGlvL0RvY3MvQmxhY2tIb2xlc19qb3VybmFsLnBvbmUuMDE0NjE4MC5wZGYAEwABLwAAFQACAAz//wAAgAbSGxwdHlokY2xhc3NuYW1lWCRjbGFzc2VzXU5TTXV0YWJsZURhdGGjHR8gVk5TRGF0YVhOU09iamVjdNIbHCIjXE5TRGljdGlvbmFyeaIiIF8QD05TS2V5ZWRBcmNoaXZlctEmJ1Ryb290gAEACAARABoAIwAtADIANwBAAEYATQBVAGAAZwBqAGwAbgBxAHMAdQB3AIQAjgDMANEA2QMJAwsDEAMbAyQDMgM2Az0DRgNLA1gDWwNtA3ADdQAAAAAAAAIBAAAAAAAAACgAAAAAAAAAAAAAAAAAAAN3},
	Bdsk-Url-1 = {http://dx.doi.org/10.1371%2Fjournal.pone.0146180},
	Bdsk-Url-2 = {http://dx.doi.org/10.1371/journal.pone.0146180}}

@inproceedings{bird2006nltk,
	Author = {Bird, Steven},
	Booktitle = {Proceedings of the COLING/ACL on Interactive presentation sessions},
	Date-Added = {2016-01-25 09:24:27 +0000},
	Date-Modified = {2016-01-25 09:24:27 +0000},
	Organization = {Association for Computational Linguistics},
	Pages = {69--72},
	Title = {NLTK: the natural language toolkit},
	Year = {2006}}

@article{2016arXiv160101963M,
	Adsnote = {Provided by the SAO/NASA Astrophysics Data System},
	Adsurl = {http://adsabs.harvard.edu/abs/2016arXiv160101963M},
	Archiveprefix = {arXiv},
	Author = {{Morrison}, G. and {Riccaboni}, M. and {Pammolli}, F.},
	Date-Added = {2016-01-17 20:29:08 +0000},
	Date-Modified = {2016-01-17 20:29:08 +0000},
	Eprint = {1601.01963},
	Journal = {ArXiv e-prints},
	Keywords = {Computer Science - Digital Libraries, Physics - Data Analysis, Statistics and Probability, Physics - Physics and Society},
	Month = dec,
	Primaryclass = {cs.DL},
	Title = {{Disambiguation of Patent Inventors and Assignees Using High-Resolution Geolocation Data}},
	Year = 2016,
	Bdsk-File-1 = {YnBsaXN0MDDUAQIDBAUGJCVYJHZlcnNpb25YJG9iamVjdHNZJGFyY2hpdmVyVCR0b3ASAAGGoKgHCBMUFRYaIVUkbnVsbNMJCgsMDxJXTlMua2V5c1pOUy5vYmplY3RzViRjbGFzc6INDoACgAOiEBGABIAFgAdccmVsYXRpdmVQYXRoWWFsaWFzRGF0YV8QRS4uLy4uLy4uLy4uL0JpYmxpby9Eb2NzL0Rpc2FtYmlndWF0aW9uUGF0ZW50SW52ZW50b3JfMTYwMS4wMTk2M3YxLnBkZtIXCxgZV05TLmRhdGFPEQJKAAAAAAJKAAIAAAxNYWNpbnRvc2ggSEQAAAAAAAAAAAAAAAAAAADKQVpsSCsAAAMuUdIfRGlzYW1iaWd1YXRpb25QYXRlbiM0NjY5QTNFLnBkZgAAAAAAAAAAAAAAAAAAAAAAAAAAAAAAAAAAAAAAAAAABGaaPtQQXboAAAAAAAAAAAAEAAMAAAkgAAAAAAAAAAAAAAAAAAAABERvY3MAEAAIAADKQOnsAAAAEQAIAADUD+06AAAAAQAcAy5R0gMuTa8DLk2tAJDCKQAFAhUABQIUAAC+7AACAHJNYWNpbnRvc2ggSEQ6VXNlcnM6AEp1c3RlOgBEb2N1bWVudHM6AENvbXBsZXhTeXN0ZW1zOgBQYXRlbnRzTWluaW5nOgBCaWJsaW86AERvY3M6AERpc2FtYmlndWF0aW9uUGF0ZW4jNDY2OUEzRS5wZGYADgBcAC0ARABpAHMAYQBtAGIAaQBnAHUAYQB0AGkAbwBuAFAAYQB0AGUAbgB0AEkAbgB2AGUAbgB0AG8AcgBfADEANgAwADEALgAwADEAOQA2ADMAdgAxAC4AcABkAGYADwAaAAwATQBhAGMAaQBuAHQAbwBzAGgAIABIAEQAEgBsVXNlcnMvSnVzdGUvRG9jdW1lbnRzL0NvbXBsZXhTeXN0ZW1zL1BhdGVudHNNaW5pbmcvQmlibGlvL0RvY3MvRGlzYW1iaWd1YXRpb25QYXRlbnRJbnZlbnRvcl8xNjAxLjAxOTYzdjEucGRmABMAAS8AABUAAgAM//8AAIAG0hscHR5aJGNsYXNzbmFtZVgkY2xhc3Nlc11OU011dGFibGVEYXRhox0fIFZOU0RhdGFYTlNPYmplY3TSGxwiI1xOU0RpY3Rpb25hcnmiIiBfEA9OU0tleWVkQXJjaGl2ZXLRJidUcm9vdIABAAgAEQAaACMALQAyADcAQABGAE0AVQBgAGcAagBsAG4AcQBzAHUAdwCEAI4A1gDbAOMDMQMzAzgDQwNMA1oDXgNlA24DcwOAA4MDlQOYA50AAAAAAAACAQAAAAAAAAAoAAAAAAAAAAAAAAAAAAADnw==}}

@article{2015arXiv150708415C,
	Adsnote = {Provided by the SAO/NASA Astrophysics Data System},
	Adsurl = {http://adsabs.harvard.edu/abs/2015arXiv150708415C},
	Archiveprefix = {arXiv},
	Author = {{Cantini}, L. and {Medico}, E. and {Fortunato}, S. and {Caselle}, M.},
	Date-Added = {2015-12-10 14:01:48 +0000},
	Date-Modified = {2015-12-10 14:01:48 +0000},
	Eprint = {1507.08415},
	Journal = {ArXiv e-prints},
	Keywords = {Quantitative Biology - Molecular Networks, Physics - Biological Physics, Physics - Data Analysis, Statistics and Probability, Physics - Physics and Society, Quantitative Biology - Genomics, 92D10},
	Month = jul,
	Primaryclass = {q-bio.MN},
	Title = {{Detection of gene communities in multi-networks reveals cancer drivers}},
	Year = 2015,
	Bdsk-File-1 = {YnBsaXN0MDDUAQIDBAUGJCVYJHZlcnNpb25YJG9iamVjdHNZJGFyY2hpdmVyVCR0b3ASAAGGoKgHCBMUFRYaIVUkbnVsbNMJCgsMDxJXTlMua2V5c1pOUy5vYmplY3RzViRjbGFzc6INDoACgAOiEBGABIAFgAdccmVsYXRpdmVQYXRoWWFsaWFzRGF0YV8QNS4uLy4uLy4uLy4uL0JpYmxpby9Eb2NzL011bHRpTmV0d29ya18xNTA3LjA4NDE1djIucGRm0hcLGBlXTlMuZGF0YU8RAhgAAAAAAhgAAgAADE1hY2ludG9zaCBIRAAAAAAAAAAAAAAAAAAAAMpBWmxIKwAAAy5R0h1NdWx0aU5ldHdvcmtfMTUwNy4wODQxNXYyLnBkZgAAAAAAAAAAAAAAAAAAAAAAAAAAAAAAAAAAAAAAAAAAAAAEZppC1BBdugAAAAAAAAAAAAQAAwAACSAAAAAAAAAAAAAAAAAAAAAERG9jcwAQAAgAAMpA6ewAAAARAAgAANQP7ToAAAABABwDLlHSAy5NrwMuTa0AkMIpAAUCFQAFAhQAAL7sAAIAcE1hY2ludG9zaCBIRDpVc2VyczoASnVzdGU6AERvY3VtZW50czoAQ29tcGxleFN5c3RlbXM6AFBhdGVudHNNaW5pbmc6AEJpYmxpbzoARG9jczoATXVsdGlOZXR3b3JrXzE1MDcuMDg0MTV2Mi5wZGYADgA8AB0ATQB1AGwAdABpAE4AZQB0AHcAbwByAGsAXwAxADUAMAA3AC4AMAA4ADQAMQA1AHYAMgAuAHAAZABmAA8AGgAMAE0AYQBjAGkAbgB0AG8AcwBoACAASABEABIAXFVzZXJzL0p1c3RlL0RvY3VtZW50cy9Db21wbGV4U3lzdGVtcy9QYXRlbnRzTWluaW5nL0JpYmxpby9Eb2NzL011bHRpTmV0d29ya18xNTA3LjA4NDE1djIucGRmABMAAS8AABUAAgAM//8AAIAG0hscHR5aJGNsYXNzbmFtZVgkY2xhc3Nlc11OU011dGFibGVEYXRhox0fIFZOU0RhdGFYTlNPYmplY3TSGxwiI1xOU0RpY3Rpb25hcnmiIiBfEA9OU0tleWVkQXJjaGl2ZXLRJidUcm9vdIABAAgAEQAaACMALQAyADcAQABGAE0AVQBgAGcAagBsAG4AcQBzAHUAdwCEAI4AxgDLANMC7wLxAvYDAQMKAxgDHAMjAywDMQM+A0EDUwNWA1sAAAAAAAACAQAAAAAAAAAoAAAAAAAAAAAAAAAAAAADXQ==}}

@inproceedings{yang2000improving,
	Author = {Yang, Yiming and Ault, Tom and Pierce, Thomas and Lattimer, Charles W},
	Booktitle = {Proceedings of the 23rd annual international ACM SIGIR conference on Research and development in information retrieval},
	Organization = {ACM},
	Pages = {65--72},
	Title = {Improving text categorization methods for event tracking},
	Year = {2000}}

@article{2015arXiv151101964A,
	Adsnote = {Provided by the SAO/NASA Astrophysics Data System},
	Adsurl = {http://adsabs.harvard.edu/abs/2015arXiv151101964A},
	Archiveprefix = {arXiv},
	Author = {{Apar{\'{\i}}cio}, D. and {Ribeiro}, P. and {Silva}, F.},
	Date-Added = {2015-11-09 11:21:47 +0000},
	Date-Modified = {2015-11-09 11:21:47 +0000},
	Eprint = {1511.01964},
	Journal = {ArXiv e-prints},
	Keywords = {Computer Science - Social and Information Networks, Physics - Physics and Society, Quantitative Biology - Molecular Networks},
	Month = nov,
	Title = {{Network comparison using directed graphlets}},
	Year = 2015,
	Bdsk-File-1 = {YnBsaXN0MDDUAQIDBAUGJCVYJHZlcnNpb25YJG9iamVjdHNZJGFyY2hpdmVyVCR0b3ASAAGGoKgHCBMUFRYaIVUkbnVsbNMJCgsMDxJXTlMua2V5c1pOUy5vYmplY3RzViRjbGFzc6INDoACgAOiEBGABIAFgAdccmVsYXRpdmVQYXRoWWFsaWFzRGF0YV8QQi4uLy4uLy4uLy4uL0JpYmxpby9Eb2NzL05ldHdvcmtHcmFwaGxldENvbXBhcmlzb25fMTUxMS4wMTk2NHYxLnBkZtIXCxgZV05TLmRhdGFPEQJCAAAAAAJCAAIAAAxNYWNpbnRvc2ggSEQAAAAAAAAAAAAAAAAAAADKQVpsSCsAAAMuUdIfTmV0d29ya0dyYXBobGV0Q29tcCM0NjY5QTQzLnBkZgAAAAAAAAAAAAAAAAAAAAAAAAAAAAAAAAAAAAAAAAAABGaaQ9QQXbsAAAAAAAAAAAAEAAMAAAkgAAAAAAAAAAAAAAAAAAAABERvY3MAEAAIAADKQOnsAAAAEQAIAADUD+07AAAAAQAcAy5R0gMuTa8DLk2tAJDCKQAFAhUABQIUAAC+7AACAHJNYWNpbnRvc2ggSEQ6VXNlcnM6AEp1c3RlOgBEb2N1bWVudHM6AENvbXBsZXhTeXN0ZW1zOgBQYXRlbnRzTWluaW5nOgBCaWJsaW86AERvY3M6AE5ldHdvcmtHcmFwaGxldENvbXAjNDY2OUE0My5wZGYADgBWACoATgBlAHQAdwBvAHIAawBHAHIAYQBwAGgAbABlAHQAQwBvAG0AcABhAHIAaQBzAG8AbgBfADEANQAxADEALgAwADEAOQA2ADQAdgAxAC4AcABkAGYADwAaAAwATQBhAGMAaQBuAHQAbwBzAGgAIABIAEQAEgBpVXNlcnMvSnVzdGUvRG9jdW1lbnRzL0NvbXBsZXhTeXN0ZW1zL1BhdGVudHNNaW5pbmcvQmlibGlvL0RvY3MvTmV0d29ya0dyYXBobGV0Q29tcGFyaXNvbl8xNTExLjAxOTY0djEucGRmAAATAAEvAAAVAAIADP//AACABtIbHB0eWiRjbGFzc25hbWVYJGNsYXNzZXNdTlNNdXRhYmxlRGF0YaMdHyBWTlNEYXRhWE5TT2JqZWN00hscIiNcTlNEaWN0aW9uYXJ5oiIgXxAPTlNLZXllZEFyY2hpdmVy0SYnVHJvb3SAAQAIABEAGgAjAC0AMgA3AEAARgBNAFUAYABnAGoAbABuAHEAcwB1AHcAhACOANMA2ADgAyYDKAMtAzgDQQNPA1MDWgNjA2gDdQN4A4oDjQOSAAAAAAAAAgEAAAAAAAAAKAAAAAAAAAAAAAAAAAAAA5Q=}}

@misc{nltk,
	Author = {NLTK},
	Title = {Natural Language Toolkit, Stanford Univeristy},
	Year = {2015}}

@article{iacovacci2015mesoscopic,
	Author = {Iacovacci, Jacopo and Wu, Zhihao and Bianconi, Ginestra},
	Date-Added = {2015-10-26 14:19:07 +0000},
	Date-Modified = {2015-10-26 14:19:07 +0000},
	Journal = {arXiv preprint arXiv:1505.03824},
	Title = {Mesoscopic Structures Reveal the Network Between the Layers of Multiplex Datasets},
	Year = {2015},
	Bdsk-File-1 = {YnBsaXN0MDDUAQIDBAUGJCVYJHZlcnNpb25YJG9iamVjdHNZJGFyY2hpdmVyVCR0b3ASAAGGoKgHCBMUFRYaIVUkbnVsbNMJCgsMDxJXTlMua2V5c1pOUy5vYmplY3RzViRjbGFzc6INDoACgAOiEBGABIAFgAdccmVsYXRpdmVQYXRoWWFsaWFzRGF0YV8QRy4uLy4uLy4uLy4uL0JpYmxpby9Eb2NzL011bHRpTGF5ZXJOZXR3b3JrTWVzb1N0cnVjdHVyZV8xNTA1LjAzODI0djIucGRm0hcLGBlXTlMuZGF0YU8RAlAAAAAAAlAAAgAADE1hY2ludG9zaCBIRAAAAAAAAAAAAAAAAAAAAMpBWmxIKwAAAy5R0h9NdWx0aUxheWVyTmV0d29ya01lIzQ2NjlBNDEucGRmAAAAAAAAAAAAAAAAAAAAAAAAAAAAAAAAAAAAAAAAAAAEZppB1BBdugAAAAAAAAAAAAQAAwAACSAAAAAAAAAAAAAAAAAAAAAERG9jcwAQAAgAAMpA6ewAAAARAAgAANQP7ToAAAABABwDLlHSAy5NrwMuTa0AkMIpAAUCFQAFAhQAAL7sAAIAck1hY2ludG9zaCBIRDpVc2VyczoASnVzdGU6AERvY3VtZW50czoAQ29tcGxleFN5c3RlbXM6AFBhdGVudHNNaW5pbmc6AEJpYmxpbzoARG9jczoATXVsdGlMYXllck5ldHdvcmtNZSM0NjY5QTQxLnBkZgAOAGAALwBNAHUAbAB0AGkATABhAHkAZQByAE4AZQB0AHcAbwByAGsATQBlAHMAbwBTAHQAcgB1AGMAdAB1AHIAZQBfADEANQAwADUALgAwADMAOAAyADQAdgAyAC4AcABkAGYADwAaAAwATQBhAGMAaQBuAHQAbwBzAGgAIABIAEQAEgBuVXNlcnMvSnVzdGUvRG9jdW1lbnRzL0NvbXBsZXhTeXN0ZW1zL1BhdGVudHNNaW5pbmcvQmlibGlvL0RvY3MvTXVsdGlMYXllck5ldHdvcmtNZXNvU3RydWN0dXJlXzE1MDUuMDM4MjR2Mi5wZGYAEwABLwAAFQACAAz//wAAgAbSGxwdHlokY2xhc3NuYW1lWCRjbGFzc2VzXU5TTXV0YWJsZURhdGGjHR8gVk5TRGF0YVhOU09iamVjdNIbHCIjXE5TRGljdGlvbmFyeaIiIF8QD05TS2V5ZWRBcmNoaXZlctEmJ1Ryb290gAEACAARABoAIwAtADIANwBAAEYATQBVAGAAZwBqAGwAbgBxAHMAdQB3AIQAjgDYAN0A5QM5AzsDQANLA1QDYgNmA20DdgN7A4gDiwOdA6ADpQAAAAAAAAIBAAAAAAAAACgAAAAAAAAAAAAAAAAAAAOn}}

@article{Sinatra:2015yu,
	Author = {Sinatra, Roberta and Deville, Pierre and Szell, Michael and Wang, Dashun and Barabasi, Albert-Laszlo},
	Date = {2015/10//print},
	Date-Added = {2015-10-20 08:44:50 +0000},
	Date-Modified = {2015-10-20 08:44:50 +0000},
	Isbn = {1745-2473},
	Journal = {Nat Phys},
	L3 = {10.1038/nphys3494},
	M3 = {Perspective},
	Month = {10},
	Number = {10},
	Pages = {791--796},
	Publisher = {Nature Publishing Group, a division of Macmillan Publishers Limited. All Rights Reserved.},
	Title = {A century of physics},
	Ty = {JOUR},
	Url = {http://dx.doi.org/10.1038/nphys3494},
	Volume = {11},
	Year = {2015},
	Bdsk-File-1 = {YnBsaXN0MDDUAQIDBAUGJCVYJHZlcnNpb25YJG9iamVjdHNZJGFyY2hpdmVyVCR0b3ASAAGGoKgHCBMUFRYaIVUkbnVsbNMJCgsMDxJXTlMua2V5c1pOUy5vYmplY3RzViRjbGFzc6INDoACgAOiEBGABIAFgAdccmVsYXRpdmVQYXRoWWFsaWFzRGF0YV8QQS4uLy4uLy4uLy4uLy4uL0NpdHlOZXR3b3JrL0JpYmxpby9Eb2NzL0VwaXN0ZW1vbG9neS9ucGh5czM0OTQucGRm0hcLGBlXTlMuZGF0YU8RAfwAAAAAAfwAAgAADE1hY2ludG9zaCBIRAAAAAAAAAAAAAAAAAAAAMpBWmxIKwAAAjQhVw1ucGh5czM0OTQucGRmAAAAAAAAAAAAAAAAAAAAAAAAAAAAAAAAAAAAAAAAAAAAAAAAAAAAAAAAAAAAAAAAAAADcCfL0ksrOgAAAAAAAAAAAAUABQAACSAAAAAAAAAAAAAAAAAAAAAMRXBpc3RlbW9sb2d5ABAACAAAykDp7AAAABEACAAA0kq6ugAAAAEAIAI0IVcCMXfZAiH5GQIh+RAAkMIpAAUCFQAFAhQAAL7sAAIAbE1hY2ludG9zaCBIRDpVc2VyczoASnVzdGU6AERvY3VtZW50czoAQ29tcGxleFN5c3RlbXM6AENpdHlOZXR3b3JrOgBCaWJsaW86AERvY3M6AEVwaXN0ZW1vbG9neToAbnBoeXMzNDk0LnBkZgAOABwADQBuAHAAaAB5AHMAMwA0ADkANAAuAHAAZABmAA8AGgAMAE0AYQBjAGkAbgB0AG8AcwBoACAASABEABIAV1VzZXJzL0p1c3RlL0RvY3VtZW50cy9Db21wbGV4U3lzdGVtcy9DaXR5TmV0d29yay9CaWJsaW8vRG9jcy9FcGlzdGVtb2xvZ3kvbnBoeXMzNDk0LnBkZgAAEwABLwAAFQACAAz//wAAgAbSGxwdHlokY2xhc3NuYW1lWCRjbGFzc2VzXU5TTXV0YWJsZURhdGGjHR8gVk5TRGF0YVhOU09iamVjdNIbHCIjXE5TRGljdGlvbmFyeaIiIF8QD05TS2V5ZWRBcmNoaXZlctEmJ1Ryb290gAEACAARABoAIwAtADIANwBAAEYATQBVAGAAZwBqAGwAbgBxAHMAdQB3AIQAjgDSANcA3wLfAuEC5gLxAvoDCAMMAxMDHAMhAy4DMQNDA0YDSwAAAAAAAAIBAAAAAAAAACgAAAAAAAAAAAAAAAAAAANN},
	Bdsk-Url-1 = {http://dx.doi.org/10.1038/nphys3494}}

@article{2015arXiv151003797G,
	Adsnote = {Provided by the SAO/NASA Astrophysics Data System},
	Adsurl = {http://adsabs.harvard.edu/abs/2015arXiv151003797G},
	Archiveprefix = {arXiv},
	Author = {{Gurciullo}, S. and {Smallegan}, M. and {Pereda}, M. and {Battiston}, F. and {Patania}, A. and {Poledna}, S. and {Hedblom}, D. and {Tolga Oztan}, B. and {Herzog}, A. and {John}, P. and {Mikhaylov}, S.},
	Date-Added = {2015-10-14 07:02:17 +0000},
	Date-Modified = {2015-10-14 07:02:17 +0000},
	Eprint = {1510.03797},
	Journal = {ArXiv e-prints},
	Keywords = {Physics - Physics and Society, Computer Science - Computation and Language, Computer Science - Social and Information Networks, 91F10},
	Month = oct,
	Primaryclass = {physics.soc-ph},
	Title = {{Complex Politics: A Quantitative Semantic and Topological Analysis of UK House of Commons Debates}},
	Year = 2015,
	Bdsk-File-1 = {YnBsaXN0MDDUAQIDBAUGJCVYJHZlcnNpb25YJG9iamVjdHNZJGFyY2hpdmVyVCR0b3ASAAGGoKgHCBMUFRYaIVUkbnVsbNMJCgsMDxJXTlMua2V5c1pOUy5vYmplY3RzViRjbGFzc6INDoACgAOiEBGABIAFgAdccmVsYXRpdmVQYXRoWWFsaWFzRGF0YV8QQy4uLy4uLy4uLy4uL0JpYmxpby9Eb2NzL1BvbGl0aWNhbERpc2NvdXJzZUFuYWx5c2lzXzE1MTAuMDM3OTd2MS5wZGbSFwsYGVdOUy5kYXRhTxECRAAAAAACRAACAAAMTWFjaW50b3NoIEhEAAAAAAAAAAAAAAAAAAAAykFabEgrAAADLlHSH1BvbGl0aWNhbERpc2NvdXJzZUEjMzZBM0JBRS5wZGYAAAAAAAAAAAAAAAAAAAAAAAAAAAAAAAAAAAAAAAAAAANqO67SRB56AAAAAAAAAAAABAADAAAJIAAAAAAAAAAAAAAAAAAAAAREb2NzABAACAAAykDp7AAAABEACAAA0kOt+gAAAAEAHAMuUdIDLk2vAy5NrQCQwikABQIVAAUCFAAAvuwAAgByTWFjaW50b3NoIEhEOlVzZXJzOgBKdXN0ZToARG9jdW1lbnRzOgBDb21wbGV4U3lzdGVtczoAUGF0ZW50c01pbmluZzoAQmlibGlvOgBEb2NzOgBQb2xpdGljYWxEaXNjb3Vyc2VBIzM2QTNCQUUucGRmAA4AWAArAFAAbwBsAGkAdABpAGMAYQBsAEQAaQBzAGMAbwB1AHIAcwBlAEEAbgBhAGwAeQBzAGkAcwBfADEANQAxADAALgAwADMANwA5ADcAdgAxAC4AcABkAGYADwAaAAwATQBhAGMAaQBuAHQAbwBzAGgAIABIAEQAEgBqVXNlcnMvSnVzdGUvRG9jdW1lbnRzL0NvbXBsZXhTeXN0ZW1zL1BhdGVudHNNaW5pbmcvQmlibGlvL0RvY3MvUG9saXRpY2FsRGlzY291cnNlQW5hbHlzaXNfMTUxMC4wMzc5N3YxLnBkZgATAAEvAAAVAAIADP//AACABtIbHB0eWiRjbGFzc25hbWVYJGNsYXNzZXNdTlNNdXRhYmxlRGF0YaMdHyBWTlNEYXRhWE5TT2JqZWN00hscIiNcTlNEaWN0aW9uYXJ5oiIgXxAPTlNLZXllZEFyY2hpdmVy0SYnVHJvb3SAAQAIABEAGgAjAC0AMgA3AEAARgBNAFUAYABnAGoAbABuAHEAcwB1AHcAhACOANQA2QDhAykDKwMwAzsDRANSA1YDXQNmA2sDeAN7A40DkAOVAAAAAAAAAgEAAAAAAAAAKAAAAAAAAAAAAAAAAAAAA5c=}}

@article{abbas2014literature,
	Author = {Abbas, Assad and Zhang, Limin and Khan, Samee U},
	Journal = {World Patent Information},
	Pages = {3--13},
	Publisher = {Elsevier},
	Title = {A literature review on the state-of-the-art in patent analysis},
	Volume = {37},
	Year = {2014}}

@article{Adams2010text,
	Abstract = {Effective searching of electronic full texts of patent documents requires both appropriate search engine technology and high quality source documents. This article reviews the impact of both the historical development of online searching and of document preparation upon the resulting databases. Many standards were developed at a time when patent documents were wholly paper-based, and may no longer be suitable as current guidelines for the preparation of full text electronic databases. Part 1 reviews the text contained in patent titles, abstracts, citations and claims, to understand the challenges of using these document elements for patent retrieval. Part 2 concentrates on aspects of the main body of the specification, and whether new methods of document preparation and retrieval will improve patent search quality.},
	Author = {Adams, Stephen},
	Journal = {World Patent Information},
	Keywords = {Full text Documentation standards Disclosure requirements Patent title Patent abstract Applicant ci},
	Month = {March},
	Number = {1},
	Pages = {22-29},
	Title = {{The text, the full text and nothing but the text: Part 1 - Standards for creating textual information in patent documents and general search implications}},
	Url = {https://ideas.repec.org/a/eee/worpat/v32y2010i1p22-29.html},
	Volume = {32},
	Year = 2010,
	Bdsk-Url-1 = {https://ideas.repec.org/a/eee/worpat/v32y2010i1p22-29.html}}

@techreport{akcigit2013mechanics,
	Author = {Akcigit, Ufuk and Kerr, William R and Nicholas, Tom},
	Institution = {Citeseer},
	Title = {The Mechanics of Endogenous Innovation and Growth: Evidence from Historical US Patents},
	Year = {2013}}

@article{Bloom2005distance,
	Abstract = {Government policies to support R\&D are predicated on empirical evidence of R\&D \&quot;spillovers\&quot; between firms. But there are two countervailing R\&D spillovers: positive effects from technology spillovers and negative effects from business stealing by product market rivals. We develop a general framework showing that technology and product market spillovers have testable implications for a range of performance indicators, and exploit these using distinct measures of a firm{\^a}Â€Â™s position in technology space and product market space. We show using panel data on U.S. firms between 1981 and 2001 that both technology and product market spillovers operate, but that net social returns are several times larger than private returns. The spillover effects are also revealed when we analyze three high-tech sectors in detail - pharmaceuticals, computer hardware and telecommunication equipment. Using the model we evaluate three R\&D subsidy policies and show that the typical focus of support for small and medium firms may be misplaced.<P>(This abstract was borrowed from another version of this item.)},
	Author = {Nicholas Bloom and Mark Schankerman and John Van Reenen},
	Journal = {Econometrica},
	Month = {07},
	Number = {4},
	Pages = {1347-1393},
	Title = {{Identifying Technology Spillovers and Product Market Rivalry}},
	Url = {https://ideas.repec.org/a/ecm/emetrp/v81y2013i4p1347-1393.html},
	Volume = {81},
	Year = 2013,
	Bdsk-Url-1 = {https://ideas.repec.org/a/ecm/emetrp/v81y2013i4p1347-1393.html}}

@article{Jaffe1986distance,
	Abstract = { This paper quantifies the effects of exogenous variations in the state of technology (technological opportunity) and of the R\&D of other firms (spillovers of R\&D) on the productivity of firms' R\&D. The R\&D productivity is increased by the R\&D of \&quot;technological neighbors,\&quot; though neighbors' R\&D lowers the profits and market value of low-R\&D-intensity firms. Firms are shown to adjust the technological composition of their R\&D in response to technological opportunity. Copyright 1986 by American Economic Association.},
	Author = {Jaffe, Adam B},
	Journal = {American Economic Review},
	Month = {December},
	Number = {5},
	Pages = {984-1001},
	Title = {{Technological Opportunity and Spillovers of R\&D: Evidence from Firms' Patents, Profits, and Market Value}},
	Url = {https://ideas.repec.org/a/aea/aecrev/v76y1986i5p984-1001.html},
	Volume = {76},
	Year = 1986,
	Bdsk-Url-1 = {https://ideas.repec.org/a/aea/aecrev/v76y1986i5p984-1001.html}}

@article{2015arXiv150908291S,
	Adsnote = {Provided by the SAO/NASA Astrophysics Data System},
	Adsurl = {http://adsabs.harvard.edu/abs/2015arXiv150908291S},
	Archiveprefix = {arXiv},
	Author = {{Scholl}, T. and {Garas}, A. and {Schweitzer}, F.},
	Date-Added = {2015-09-29 08:14:54 +0000},
	Date-Modified = {2015-09-29 08:14:54 +0000},
	Eprint = {1509.08291},
	Journal = {ArXiv e-prints},
	Keywords = {Physics - Physics and Society, Quantitative Finance - Economics},
	Month = sep,
	Primaryclass = {physics.soc-ph},
	Title = {{The spatial component of R{\amp}D networks}},
	Year = 2015,
	Bdsk-File-1 = {YnBsaXN0MDDUAQIDBAUGJCVYJHZlcnNpb25YJG9iamVjdHNZJGFyY2hpdmVyVCR0b3ASAAGGoKgHCBMUFRYaIVUkbnVsbNMJCgsMDxJXTlMua2V5c1pOUy5vYmplY3RzViRjbGFzc6INDoACgAOiEBGABIAFgAdccmVsYXRpdmVQYXRoWWFsaWFzRGF0YV8QPC4uLy4uLy4uLy4uL0JpYmxpby9Eb2NzL0dlb2dyYXBoeVJETmV0d29ya3NfMTUwOS4wODI5MXYxLnBkZtIXCxgZV05TLmRhdGFPEQIwAAAAAAIwAAIAAAxNYWNpbnRvc2ggSEQAAAAAAAAAAAAAAAAAAADKQVpsSCsAAAMuUdIfR2VvZ3JhcGh5UkROZXR3b3JrcyMzNTFBODA1LnBkZgAAAAAAAAAAAAAAAAAAAAAAAAAAAAAAAAAAAAAAAAAAA1GoBdIwaTwAAAAAAAAAAAAEAAMAAAkgAAAAAAAAAAAAAAAAAAAABERvY3MAEAAIAADKQOnsAAAAEQAIAADSL/i8AAAAAQAcAy5R0gMuTa8DLk2tAJDCKQAFAhUABQIUAAC+7AACAHJNYWNpbnRvc2ggSEQ6VXNlcnM6AEp1c3RlOgBEb2N1bWVudHM6AENvbXBsZXhTeXN0ZW1zOgBQYXRlbnRzTWluaW5nOgBCaWJsaW86AERvY3M6AEdlb2dyYXBoeVJETmV0d29ya3MjMzUxQTgwNS5wZGYADgBKACQARwBlAG8AZwByAGEAcABoAHkAUgBEAE4AZQB0AHcAbwByAGsAcwBfADEANQAwADkALgAwADgAMgA5ADEAdgAxAC4AcABkAGYADwAaAAwATQBhAGMAaQBuAHQAbwBzAGgAIABIAEQAEgBjVXNlcnMvSnVzdGUvRG9jdW1lbnRzL0NvbXBsZXhTeXN0ZW1zL1BhdGVudHNNaW5pbmcvQmlibGlvL0RvY3MvR2VvZ3JhcGh5UkROZXR3b3Jrc18xNTA5LjA4MjkxdjEucGRmAAATAAEvAAAVAAIADP//AACABtIbHB0eWiRjbGFzc25hbWVYJGNsYXNzZXNdTlNNdXRhYmxlRGF0YaMdHyBWTlNEYXRhWE5TT2JqZWN00hscIiNcTlNEaWN0aW9uYXJ5oiIgXxAPTlNLZXllZEFyY2hpdmVy0SYnVHJvb3SAAQAIABEAGgAjAC0AMgA3AEAARgBNAFUAYABnAGoAbABuAHEAcwB1AHcAhACOAM0A0gDaAw4DEAMVAyADKQM3AzsDQgNLA1ADXQNgA3IDdQN6AAAAAAAAAgEAAAAAAAAAKAAAAAAAAAAAAAAAAAAAA3w=}}

@article{2015arXiv150907285A,
	Adsnote = {Provided by the SAO/NASA Astrophysics Data System},
	Adsurl = {http://adsabs.harvard.edu/abs/2015arXiv150907285A},
	Archiveprefix = {arXiv},
	Author = {{Alstott}, J. and {Triulzi}, G. and {Yan}, B. and {Luo}, J.},
	Date-Added = {2015-09-25 11:32:24 +0000},
	Date-Modified = {2015-09-25 11:32:24 +0000},
	Eprint = {1509.07285},
	Journal = {ArXiv e-prints},
	Keywords = {Physics - Physics and Society, Computer Science - Digital Libraries, Computer Science - Social and Information Networks},
	Month = sep,
	Primaryclass = {physics.soc-ph},
	Title = {{Mapping Technology Space by Normalizing Technology Relatedness Networks}},
	Year = 2015,
	Bdsk-File-1 = {YnBsaXN0MDDUAQIDBAUGJCVYJHZlcnNpb25YJG9iamVjdHNZJGFyY2hpdmVyVCR0b3ASAAGGoKgHCBMUFRYaIVUkbnVsbNMJCgsMDxJXTlMua2V5c1pOUy5vYmplY3RzViRjbGFzc6INDoACgAOiEBGABIAFgAdccmVsYXRpdmVQYXRoWWFsaWFzRGF0YV8QRi4uLy4uLy4uLy4uL0JpYmxpby9Eb2NzL05vcm1hbGl6aW5nVGVjaG5vbG9neU5ldHdvcmtzXzE1MDkuMDcyODV2MS5wZGbSFwsYGVdOUy5kYXRhTxECTgAAAAACTgACAAAMTWFjaW50b3NoIEhEAAAAAAAAAAAAAAAAAAAAykFabEgrAAADLlHSH05vcm1hbGl6aW5nVGVjaG5vbG8jMzQ5MDlBRi5wZGYAAAAAAAAAAAAAAAAAAAAAAAAAAAAAAAAAAAAAAAAAAANJCa/SK1GaAAAAAAAAAAAABAADAAAJIAAAAAAAAAAAAAAAAAAAAAREb2NzABAACAAAykDp7AAAABEACAAA0irhGgAAAAEAHAMuUdIDLk2vAy5NrQCQwikABQIVAAUCFAAAvuwAAgByTWFjaW50b3NoIEhEOlVzZXJzOgBKdXN0ZToARG9jdW1lbnRzOgBDb21wbGV4U3lzdGVtczoAUGF0ZW50c01pbmluZzoAQmlibGlvOgBEb2NzOgBOb3JtYWxpemluZ1RlY2hub2xvIzM0OTA5QUYucGRmAA4AXgAuAE4AbwByAG0AYQBsAGkAegBpAG4AZwBUAGUAYwBoAG4AbwBsAG8AZwB5AE4AZQB0AHcAbwByAGsAcwBfADEANQAwADkALgAwADcAMgA4ADUAdgAxAC4AcABkAGYADwAaAAwATQBhAGMAaQBuAHQAbwBzAGgAIABIAEQAEgBtVXNlcnMvSnVzdGUvRG9jdW1lbnRzL0NvbXBsZXhTeXN0ZW1zL1BhdGVudHNNaW5pbmcvQmlibGlvL0RvY3MvTm9ybWFsaXppbmdUZWNobm9sb2d5TmV0d29ya3NfMTUwOS4wNzI4NXYxLnBkZgAAEwABLwAAFQACAAz//wAAgAbSGxwdHlokY2xhc3NuYW1lWCRjbGFzc2VzXU5TTXV0YWJsZURhdGGjHR8gVk5TRGF0YVhOU09iamVjdNIbHCIjXE5TRGljdGlvbmFyeaIiIF8QD05TS2V5ZWRBcmNoaXZlctEmJ1Ryb290gAEACAARABoAIwAtADIANwBAAEYATQBVAGAAZwBqAGwAbgBxAHMAdQB3AIQAjgDXANwA5AM2AzgDPQNIA1EDXwNjA2oDcwN4A4UDiAOaA50DogAAAAAAAAIBAAAAAAAAACgAAAAAAAAAAAAAAAAAAAOk}}

@article{Lai:2013fv,
	Author = {Ronald Lai and Alexander D'Amour and Amy Yu and Ye Sun and Lee Fleming},
	Date-Added = {2015-09-22 18:03:33 +0000},
	Date-Modified = {2015-09-22 18:03:33 +0000},
	Doi = {hdl/1902.1/15705},
	Publisher = {Harvard Dataverse},
	Title = {Disambiguation and Co-authorship Networks of the U.S. Patent Inventor Database (1975 - 2010)},
	Ty = {DBASE},
	Url = {http://hdl.handle.net/1902.1/15705},
	Year = {2013},
	Bdsk-Url-1 = {http://hdl.handle.net/1902.1/15705},
	Bdsk-Url-2 = {http://dx.doi.org/1902.1/15705}}

@article{choi2014patent,
	Author = {Choi, Jinho and Hwang, Yong-Sik},
	Date-Added = {2015-09-21 13:19:57 +0000},
	Date-Modified = {2015-09-21 13:19:57 +0000},
	Journal = {Technological Forecasting and Social Change},
	Pages = {170--182},
	Publisher = {Elsevier},
	Title = {Patent keyword network analysis for improving technology development efficiency},
	Volume = {83},
	Year = {2014},
	Bdsk-File-1 = {YnBsaXN0MDDUAQIDBAUGJCVYJHZlcnNpb25YJG9iamVjdHNZJGFyY2hpdmVyVCR0b3ASAAGGoKgHCBMUFRYaIVUkbnVsbNMJCgsMDxJXTlMua2V5c1pOUy5vYmplY3RzViRjbGFzc6INDoACgAOiEBGABIAFgAdccmVsYXRpdmVQYXRoWWFsaWFzRGF0YV8QUS4uLy4uLy4uLy4uL0JpYmxpby9Eb2NzL1BhdGVudHNLZXl3b3Jkc0FuYWx5c2lzXzEtczIuMC1TMDA0MDE2MjUxMzAwMTU2WC1tYWluLnBkZtIXCxgZV05TLmRhdGFPEQJuAAAAAAJuAAIAAAxNYWNpbnRvc2ggSEQAAAAAAAAAAAAAAAAAAADKQVpsSCsAAAMuUdIfUGF0ZW50c0tleXdvcmRzQW5hbCMzM0JEOUVDLnBkZgAAAAAAAAAAAAAAAAAAAAAAAAAAAAAAAAAAAAAAAAAAAzvZ7NImJOMAAAAAAAAAAAAEAAMAAAkgAAAAAAAAAAAAAAAAAAAABERvY3MAEAAIAADKQOnsAAAAEQAIAADSJbRjAAAAAQAcAy5R0gMuTa8DLk2tAJDCKQAFAhUABQIUAAC+7AACAHJNYWNpbnRvc2ggSEQ6VXNlcnM6AEp1c3RlOgBEb2N1bWVudHM6AENvbXBsZXhTeXN0ZW1zOgBQYXRlbnRzTWluaW5nOgBCaWJsaW86AERvY3M6AFBhdGVudHNLZXl3b3Jkc0FuYWwjMzNCRDlFQy5wZGYADgB0ADkAUABhAHQAZQBuAHQAcwBLAGUAeQB3AG8AcgBkAHMAQQBuAGEAbAB5AHMAaQBzAF8AMQAtAHMAMgAuADAALQBTADAAMAA0ADAAMQA2ADIANQAxADMAMAAwADEANQA2AFgALQBtAGEAaQBuAC4AcABkAGYADwAaAAwATQBhAGMAaQBuAHQAbwBzAGgAIABIAEQAEgB4VXNlcnMvSnVzdGUvRG9jdW1lbnRzL0NvbXBsZXhTeXN0ZW1zL1BhdGVudHNNaW5pbmcvQmlibGlvL0RvY3MvUGF0ZW50c0tleXdvcmRzQW5hbHlzaXNfMS1zMi4wLVMwMDQwMTYyNTEzMDAxNTZYLW1haW4ucGRmABMAAS8AABUAAgAM//8AAIAG0hscHR5aJGNsYXNzbmFtZVgkY2xhc3Nlc11OU011dGFibGVEYXRhox0fIFZOU0RhdGFYTlNPYmplY3TSGxwiI1xOU0RpY3Rpb25hcnmiIiBfEA9OU0tleWVkQXJjaGl2ZXLRJidUcm9vdIABAAgAEQAaACMALQAyADcAQABGAE0AVQBgAGcAagBsAG4AcQBzAHUAdwCEAI4A4gDnAO8DYQNjA2gDcwN8A4oDjgOVA54DowOwA7MDxQPIA80AAAAAAAACAQAAAAAAAAAoAAAAAAAAAAAAAAAAAAADzw==}}

@article{fattori2003text,
	Author = {Fattori, Michele and Pedrazzi, Giorgio and Turra, Roberta},
	Date-Added = {2015-09-21 13:18:54 +0000},
	Date-Modified = {2015-09-21 13:18:54 +0000},
	Journal = {World Patent Information},
	Number = {4},
	Pages = {335--342},
	Publisher = {Elsevier},
	Title = {Text mining applied to patent mapping: a practical business case},
	Volume = {25},
	Year = {2003},
	Bdsk-File-1 = {YnBsaXN0MDDUAQIDBAUGJCVYJHZlcnNpb25YJG9iamVjdHNZJGFyY2hpdmVyVCR0b3ASAAGGoKgHCBMUFRYaIVUkbnVsbNMJCgsMDxJXTlMua2V5c1pOUy5vYmplY3RzViRjbGFzc6INDoACgAOiEBGABIAFgAdccmVsYXRpdmVQYXRoWWFsaWFzRGF0YV8QUy4uLy4uLy4uLy4uL0JpYmxpby9Eb2NzL1BhdGVudE1pbmluZ1ByYWN0aWNhbENhc2VfMS1zMi4wLVMwMTcyMjE5MDAzMDAxMTMzLW1haW4ucGRm0hcLGBlXTlMuZGF0YU8RAnQAAAAAAnQAAgAADE1hY2ludG9zaCBIRAAAAAAAAAAAAAAAAAAAAMpBWmxIKwAAAy5R0h9QYXRlbnRNaW5pbmdQcmFjdGljIzMzQkQ5MEIucGRmAAAAAAAAAAAAAAAAAAAAAAAAAAAAAAAAAAAAAAAAAAADO9kL0iYkrAAAAAAAAAAAAAQAAwAACSAAAAAAAAAAAAAAAAAAAAAERG9jcwAQAAgAAMpA6ewAAAARAAgAANIltCwAAAABABwDLlHSAy5NrwMuTa0AkMIpAAUCFQAFAhQAAL7sAAIAck1hY2ludG9zaCBIRDpVc2VyczoASnVzdGU6AERvY3VtZW50czoAQ29tcGxleFN5c3RlbXM6AFBhdGVudHNNaW5pbmc6AEJpYmxpbzoARG9jczoAUGF0ZW50TWluaW5nUHJhY3RpYyMzM0JEOTBCLnBkZgAOAHgAOwBQAGEAdABlAG4AdABNAGkAbgBpAG4AZwBQAHIAYQBjAHQAaQBjAGEAbABDAGEAcwBlAF8AMQAtAHMAMgAuADAALQBTADAAMQA3ADIAMgAxADkAMAAwADMAMAAwADEAMQAzADMALQBtAGEAaQBuAC4AcABkAGYADwAaAAwATQBhAGMAaQBuAHQAbwBzAGgAIABIAEQAEgB6VXNlcnMvSnVzdGUvRG9jdW1lbnRzL0NvbXBsZXhTeXN0ZW1zL1BhdGVudHNNaW5pbmcvQmlibGlvL0RvY3MvUGF0ZW50TWluaW5nUHJhY3RpY2FsQ2FzZV8xLXMyLjAtUzAxNzIyMTkwMDMwMDExMzMtbWFpbi5wZGYAEwABLwAAFQACAAz//wAAgAbSGxwdHlokY2xhc3NuYW1lWCRjbGFzc2VzXU5TTXV0YWJsZURhdGGjHR8gVk5TRGF0YVhOU09iamVjdNIbHCIjXE5TRGljdGlvbmFyeaIiIF8QD05TS2V5ZWRBcmNoaXZlctEmJ1Ryb290gAEACAARABoAIwAtADIANwBAAEYATQBVAGAAZwBqAGwAbgBxAHMAdQB3AIQAjgDkAOkA8QNpA2sDcAN7A4QDkgOWA50DpgOrA7gDuwPNA9AD1QAAAAAAAAIBAAAAAAAAACgAAAAAAAAAAAAAAAAAAAPX}}

@article{tseng2007text,
	Author = {Tseng, Yuen-Hsien and Lin, Chi-Jen and Lin, Yu-I},
	Date-Added = {2015-09-21 13:18:05 +0000},
	Date-Modified = {2015-09-21 13:18:05 +0000},
	Journal = {Information Processing \& Management},
	Number = {5},
	Pages = {1216--1247},
	Publisher = {Elsevier},
	Title = {Text mining techniques for patent analysis},
	Volume = {43},
	Year = {2007},
	Bdsk-File-1 = {YnBsaXN0MDDUAQIDBAUGJCVYJHZlcnNpb25YJG9iamVjdHNZJGFyY2hpdmVyVCR0b3ASAAGGoKgHCBMUFRYaIVUkbnVsbNMJCgsMDxJXTlMua2V5c1pOUy5vYmplY3RzViRjbGFzc6INDoACgAOiEBGABIAFgAdccmVsYXRpdmVQYXRoWWFsaWFzRGF0YV8QXS4uLy4uLy4uLy4uL0JpYmxpby9Eb2NzL1RleHRNaW5pbmdUZWNobmlxdWVzUGF0ZW50c0FuYWx5c2lzXzEtczIuMC1TMDMwNjQ1NzMwNjAwMjAyMC1tYWluLnBkZtIXCxgZV05TLmRhdGFPEQKSAAAAAAKSAAIAAAxNYWNpbnRvc2ggSEQAAAAAAAAAAAAAAAAAAADKQVpsSCsAAAMuUdIfVGV4dE1pbmluZ1RlY2huaXF1ZSMzM0JENkNCLnBkZgAAAAAAAAAAAAAAAAAAAAAAAAAAAAAAAAAAAAAAAAAAAzvWy9ImJGUAAAAAAAAAAAAEAAMAAAkgAAAAAAAAAAAAAAAAAAAABERvY3MAEAAIAADKQOnsAAAAEQAIAADSJbPlAAAAAQAcAy5R0gMuTa8DLk2tAJDCKQAFAhUABQIUAAC+7AACAHJNYWNpbnRvc2ggSEQ6VXNlcnM6AEp1c3RlOgBEb2N1bWVudHM6AENvbXBsZXhTeXN0ZW1zOgBQYXRlbnRzTWluaW5nOgBCaWJsaW86AERvY3M6AFRleHRNaW5pbmdUZWNobmlxdWUjMzNCRDZDQi5wZGYADgCMAEUAVABlAHgAdABNAGkAbgBpAG4AZwBUAGUAYwBoAG4AaQBxAHUAZQBzAFAAYQB0AGUAbgB0AHMAQQBuAGEAbAB5AHMAaQBzAF8AMQAtAHMAMgAuADAALQBTADAAMwAwADYANAA1ADcAMwAwADYAMAAwADIAMAAyADAALQBtAGEAaQBuAC4AcABkAGYADwAaAAwATQBhAGMAaQBuAHQAbwBzAGgAIABIAEQAEgCEVXNlcnMvSnVzdGUvRG9jdW1lbnRzL0NvbXBsZXhTeXN0ZW1zL1BhdGVudHNNaW5pbmcvQmlibGlvL0RvY3MvVGV4dE1pbmluZ1RlY2huaXF1ZXNQYXRlbnRzQW5hbHlzaXNfMS1zMi4wLVMwMzA2NDU3MzA2MDAyMDIwLW1haW4ucGRmABMAAS8AABUAAgAM//8AAIAG0hscHR5aJGNsYXNzbmFtZVgkY2xhc3Nlc11OU011dGFibGVEYXRhox0fIFZOU0RhdGFYTlNPYmplY3TSGxwiI1xOU0RpY3Rpb25hcnmiIiBfEA9OU0tleWVkQXJjaGl2ZXLRJidUcm9vdIABAAgAEQAaACMALQAyADcAQABGAE0AVQBgAGcAagBsAG4AcQBzAHUAdwCEAI4A7gDzAPsDkQOTA5gDowOsA7oDvgPFA84D0wPgA+MD9QP4A/0AAAAAAAACAQAAAAAAAAAoAAAAAAAAAAAAAAAAAAAD/w==}}

@article{rejeb2008measuring,
	Author = {Rejeb, Helmi Ben and Morel-Guimar{\~a}es, Laure and Boly, Vincent and others},
	Date-Added = {2015-09-21 13:17:01 +0000},
	Date-Modified = {2015-09-21 13:17:01 +0000},
	Journal = {Technovation},
	Number = {12},
	Pages = {838--854},
	Publisher = {Elsevier},
	Title = {Measuring innovation best practices: Improvement of an innovation index integrating threshold and synergy effects},
	Volume = {28},
	Year = {2008},
	Bdsk-File-1 = {YnBsaXN0MDDUAQIDBAUGJCVYJHZlcnNpb25YJG9iamVjdHNZJGFyY2hpdmVyVCR0b3ASAAGGoKgHCBMUFRYaIVUkbnVsbNMJCgsMDxJXTlMua2V5c1pOUy5vYmplY3RzViRjbGFzc6INDoACgAOiEBGABIAFgAdccmVsYXRpdmVQYXRoWWFsaWFzRGF0YV8QSS4uLy4uLy4uLy4uL0JpYmxpby9Eb2NzL0lubm92YXRpb25JbmRleF8xLXMyLjAtUzAxNjY0OTcyMDgwMDEwOTAtbWFpbi5wZGbSFwsYGVdOUy5kYXRhTxECVgAAAAACVgACAAAMTWFjaW50b3NoIEhEAAAAAAAAAAAAAAAAAAAAykFabEgrAAADLlHSH0lubm92YXRpb25JbmRleF8xLXMjMzNCRDVDRC5wZGYAAAAAAAAAAAAAAAAAAAAAAAAAAAAAAAAAAAAAAAAAAAM71c3SJiQ3AAAAAAAAAAAABAADAAAJIAAAAAAAAAAAAAAAAAAAAAREb2NzABAACAAAykDp7AAAABEACAAA0iWztwAAAAEAHAMuUdIDLk2vAy5NrQCQwikABQIVAAUCFAAAvuwAAgByTWFjaW50b3NoIEhEOlVzZXJzOgBKdXN0ZToARG9jdW1lbnRzOgBDb21wbGV4U3lzdGVtczoAUGF0ZW50c01pbmluZzoAQmlibGlvOgBEb2NzOgBJbm5vdmF0aW9uSW5kZXhfMS1zIzMzQkQ1Q0QucGRmAA4AZAAxAEkAbgBuAG8AdgBhAHQAaQBvAG4ASQBuAGQAZQB4AF8AMQAtAHMAMgAuADAALQBTADAAMQA2ADYANAA5ADcAMgAwADgAMAAwADEAMAA5ADAALQBtAGEAaQBuAC4AcABkAGYADwAaAAwATQBhAGMAaQBuAHQAbwBzAGgAIABIAEQAEgBwVXNlcnMvSnVzdGUvRG9jdW1lbnRzL0NvbXBsZXhTeXN0ZW1zL1BhdGVudHNNaW5pbmcvQmlibGlvL0RvY3MvSW5ub3ZhdGlvbkluZGV4XzEtczIuMC1TMDE2NjQ5NzIwODAwMTA5MC1tYWluLnBkZgATAAEvAAAVAAIADP//AACABtIbHB0eWiRjbGFzc25hbWVYJGNsYXNzZXNdTlNNdXRhYmxlRGF0YaMdHyBWTlNEYXRhWE5TT2JqZWN00hscIiNcTlNEaWN0aW9uYXJ5oiIgXxAPTlNLZXllZEFyY2hpdmVy0SYnVHJvb3SAAQAIABEAGgAjAC0AMgA3AEAARgBNAFUAYABnAGoAbABuAHEAcwB1AHcAhACOANoA3wDnA0EDQwNIA1MDXANqA24DdQN+A4MDkAOTA6UDqAOtAAAAAAAAAgEAAAAAAAAAKAAAAAAAAAAAAAAAAAAAA68=}}

@article{Furman2011shoulders,
	Author = {Furman, Jeffrey L. and Stern, Scott},
	Doi = {10.1257/aer.101.5.1933},
	Journal = {American Economic Review},
	Month = {August},
	Number = {5},
	Pages = {1933-63},
	Title = {Climbing atop the Shoulders of Giants: The Impact of Institutions on Cumulative Research},
	Url = {http://www.aeaweb.org/articles?id=10.1257/aer.101.5.1933},
	Volume = {101},
	Year = {2011},
	Bdsk-Url-1 = {http://www.aeaweb.org/articles?id=10.1257/aer.101.5.1933},
	Bdsk-Url-2 = {http://dx.doi.org/10.1257/aer.101.5.1933}}

@article{curran2011patent,
	Author = {Curran, Clive-Steven and Leker, Jens},
	Journal = {Technological Forecasting and Social Change},
	Number = {2},
	Pages = {256--273},
	Publisher = {Elsevier},
	Title = {Patent indicators for monitoring convergence--examples from NFF and ICT},
	Volume = {78},
	Year = {2011}}

@article{katz1996remarks,
	Author = {Katz, Michael L},
	Journal = {Industrial and Corporate Change},
	Number = {4},
	Pages = {1079--1095},
	Publisher = {Oxford Univ Press},
	Title = {Remarks on the economic implications of convergence},
	Volume = {5},
	Year = {1996}}

@article{preschitschek2013,
	Author = {Nina Preschitschek and Helen Niemann and Jens Leker and Martin G. Moehrle},
	Day = {11},
	Doi = {10.1108/fs-10-2012-0075},
	Editor = {Tugrul Daim},
	Issn = {1463-6689},
	Journal = {Foresight},
	Month = {11},
	Number = {6},
	Pages = {446-464},
	Publisher = {Emerald},
	Title = {Anticipating industry convergence: Semantic analyses vs IPC co-classification analyses of patents},
	Volume = {15},
	Year = {2013},
	Bdsk-Url-1 = {http://dx.doi.org/10.1108/fs-10-2012-0075}}

@article{yoon2004text,
	Author = {Yoon, Byungun and Park, Yongtae},
	Date-Added = {2015-09-21 12:36:37 +0000},
	Date-Modified = {2015-09-21 12:36:37 +0000},
	Journal = {The Journal of High Technology Management Research},
	Number = {1},
	Pages = {37--50},
	Publisher = {Elsevier},
	Title = {A text-mining-based patent network: Analytical tool for high-technology trend},
	Volume = {15},
	Year = {2004},
	Bdsk-File-1 = {YnBsaXN0MDDUAQIDBAUGJCVYJHZlcnNpb25YJG9iamVjdHNZJGFyY2hpdmVyVCR0b3ASAAGGoKgHCBMUFRYaIVUkbnVsbNMJCgsMDxJXTlMua2V5c1pOUy5vYmplY3RzViRjbGFzc6INDoACgAOiEBGABIAFgAdccmVsYXRpdmVQYXRoWWFsaWFzRGF0YV8QVy4uLy4uLy4uLy4uL0JpYmxpby9Eb2NzL1RleHRNaW5pbmdCYXNlZFBhdGVudHNOZXR3b3JrXzEtczIuMC1TMTA0NzgzMTAwMzAwMDQzOS1tYWluLnBkZtIXCxgZV05TLmRhdGFPEQKAAAAAAAKAAAIAAAxNYWNpbnRvc2ggSEQAAAAAAAAAAAAAAAAAAADKQVpsSCsAAAMuUdIfVGV4dE1pbmluZ0Jhc2VkUGF0ZSMzM0JDRUVGLnBkZgAAAAAAAAAAAAAAAAAAAAAAAAAAAAAAAAAAAAAAAAAAAzvO79ImGugAAAAAAAAAAAAEAAMAAAkgAAAAAAAAAAAAAAAAAAAABERvY3MAEAAIAADKQOnsAAAAEQAIAADSJapoAAAAAQAcAy5R0gMuTa8DLk2tAJDCKQAFAhUABQIUAAC+7AACAHJNYWNpbnRvc2ggSEQ6VXNlcnM6AEp1c3RlOgBEb2N1bWVudHM6AENvbXBsZXhTeXN0ZW1zOgBQYXRlbnRzTWluaW5nOgBCaWJsaW86AERvY3M6AFRleHRNaW5pbmdCYXNlZFBhdGUjMzNCQ0VFRi5wZGYADgCAAD8AVABlAHgAdABNAGkAbgBpAG4AZwBCAGEAcwBlAGQAUABhAHQAZQBuAHQAcwBOAGUAdAB3AG8AcgBrAF8AMQAtAHMAMgAuADAALQBTADEAMAA0ADcAOAAzADEAMAAwADMAMAAwADAANAAzADkALQBtAGEAaQBuAC4AcABkAGYADwAaAAwATQBhAGMAaQBuAHQAbwBzAGgAIABIAEQAEgB+VXNlcnMvSnVzdGUvRG9jdW1lbnRzL0NvbXBsZXhTeXN0ZW1zL1BhdGVudHNNaW5pbmcvQmlibGlvL0RvY3MvVGV4dE1pbmluZ0Jhc2VkUGF0ZW50c05ldHdvcmtfMS1zMi4wLVMxMDQ3ODMxMDAzMDAwNDM5LW1haW4ucGRmABMAAS8AABUAAgAM//8AAIAG0hscHR5aJGNsYXNzbmFtZVgkY2xhc3Nlc11OU011dGFibGVEYXRhox0fIFZOU0RhdGFYTlNPYmplY3TSGxwiI1xOU0RpY3Rpb25hcnmiIiBfEA9OU0tleWVkQXJjaGl2ZXLRJidUcm9vdIABAAgAEQAaACMALQAyADcAQABGAE0AVQBgAGcAagBsAG4AcQBzAHUAdwCEAI4A6ADtAPUDeQN7A4ADiwOUA6IDpgOtA7YDuwPIA8sD3QPgA+UAAAAAAAACAQAAAAAAAAAoAAAAAAAAAAAAAAAAAAAD5w==}}

@article{archibugi1988search,
	Author = {Archibugi, Daniele},
	Date-Added = {2015-09-21 11:06:11 +0000},
	Date-Modified = {2015-09-21 11:06:11 +0000},
	Journal = {Technological Forecasting and Social Change},
	Number = {3},
	Pages = {253--277},
	Publisher = {Elsevier},
	Title = {In search of a useful measure of technological innovation (to make economists happy without) discontenting technologists)},
	Volume = {34},
	Year = {1988},
	Bdsk-File-1 = {YnBsaXN0MDDUAQIDBAUGJCVYJHZlcnNpb25YJG9iamVjdHNZJGFyY2hpdmVyVCR0b3ASAAGGoKgHCBMUFRYaIVUkbnVsbNMJCgsMDxJXTlMua2V5c1pOUy5vYmplY3RzViRjbGFzc6INDoACgAOiEBGABIAFgAdccmVsYXRpdmVQYXRoWWFsaWFzRGF0YV8QUC4uLy4uLy4uLy4uL0JpYmxpby9Eb2NzL1VzZWZ1bE1lYXN1cmVJbm5vdmF0aW9uXzEtczIuMC0wMDQwMTYyNTg4OTAwNzE2LW1haW4ucGRm0hcLGBlXTlMuZGF0YU8RAmwAAAAAAmwAAgAADE1hY2ludG9zaCBIRAAAAAAAAAAAAAAAAAAAAMpBWmxIKwAAAy5R0h9Vc2VmdWxNZWFzdXJlSW5ub3ZhIzMzQkMwNTYucGRmAAAAAAAAAAAAAAAAAAAAAAAAAAAAAAAAAAAAAAAAAAADO8BW0iYFVwAAAAAAAAAAAAQAAwAACSAAAAAAAAAAAAAAAAAAAAAERG9jcwAQAAgAAMpA6ewAAAARAAgAANIllNcAAAABABwDLlHSAy5NrwMuTa0AkMIpAAUCFQAFAhQAAL7sAAIAck1hY2ludG9zaCBIRDpVc2VyczoASnVzdGU6AERvY3VtZW50czoAQ29tcGxleFN5c3RlbXM6AFBhdGVudHNNaW5pbmc6AEJpYmxpbzoARG9jczoAVXNlZnVsTWVhc3VyZUlubm92YSMzM0JDMDU2LnBkZgAOAHIAOABVAHMAZQBmAHUAbABNAGUAYQBzAHUAcgBlAEkAbgBuAG8AdgBhAHQAaQBvAG4AXwAxAC0AcwAyAC4AMAAtADAAMAA0ADAAMQA2ADIANQA4ADgAOQAwADAANwAxADYALQBtAGEAaQBuAC4AcABkAGYADwAaAAwATQBhAGMAaQBuAHQAbwBzAGgAIABIAEQAEgB3VXNlcnMvSnVzdGUvRG9jdW1lbnRzL0NvbXBsZXhTeXN0ZW1zL1BhdGVudHNNaW5pbmcvQmlibGlvL0RvY3MvVXNlZnVsTWVhc3VyZUlubm92YXRpb25fMS1zMi4wLTAwNDAxNjI1ODg5MDA3MTYtbWFpbi5wZGYAABMAAS8AABUAAgAM//8AAIAG0hscHR5aJGNsYXNzbmFtZVgkY2xhc3Nlc11OU011dGFibGVEYXRhox0fIFZOU0RhdGFYTlNPYmplY3TSGxwiI1xOU0RpY3Rpb25hcnmiIiBfEA9OU0tleWVkQXJjaGl2ZXLRJidUcm9vdIABAAgAEQAaACMALQAyADcAQABGAE0AVQBgAGcAagBsAG4AcQBzAHUAdwCEAI4A4QDmAO4DXgNgA2UDcAN5A4cDiwOSA5sDoAOtA7ADwgPFA8oAAAAAAAACAQAAAAAAAAAoAAAAAAAAAAAAAAAAAAADzA==}}

@article{basberg1987patents,
	Author = {Basberg, Bj{\o}rn L},
	Date-Added = {2015-09-21 11:00:55 +0000},
	Date-Modified = {2015-09-21 11:00:55 +0000},
	Journal = {Research policy},
	Number = {2},
	Pages = {131--141},
	Publisher = {Elsevier},
	Title = {Patents and the measurement of technological change: a survey of the literature},
	Volume = {16},
	Year = {1987},
	Bdsk-File-1 = {YnBsaXN0MDDUAQIDBAUGJCVYJHZlcnNpb25YJG9iamVjdHNZJGFyY2hpdmVyVCR0b3ASAAGGoKgHCBMUFRYaIVUkbnVsbNMJCgsMDxJXTlMua2V5c1pOUy5vYmplY3RzViRjbGFzc6INDoACgAOiEBGABIAFgAdccmVsYXRpdmVQYXRoWWFsaWFzRGF0YV8QUy4uLy4uLy4uLy4uL0JpYmxpby9Eb2NzL1BhdGVudHNUZWNobm9sb2dpY2FsQ2hhbmdlXzEtczIuMC0wMDQ4NzMzMzg3OTAwMjc4LW1haW4ucGRm0hcLGBlXTlMuZGF0YU8RAnQAAAAAAnQAAgAADE1hY2ludG9zaCBIRAAAAAAAAAAAAAAAAAAAAMpBWmxIKwAAAy5R0h9QYXRlbnRzVGVjaG5vbG9naWNhIzMzQkJEM0MucGRmAAAAAAAAAAAAAAAAAAAAAAAAAAAAAAAAAAAAAAAAAAADO7080iYEkAAAAAAAAAAAAAQAAwAACSAAAAAAAAAAAAAAAAAAAAAERG9jcwAQAAgAAMpA6ewAAAARAAgAANIllBAAAAABABwDLlHSAy5NrwMuTa0AkMIpAAUCFQAFAhQAAL7sAAIAck1hY2ludG9zaCBIRDpVc2VyczoASnVzdGU6AERvY3VtZW50czoAQ29tcGxleFN5c3RlbXM6AFBhdGVudHNNaW5pbmc6AEJpYmxpbzoARG9jczoAUGF0ZW50c1RlY2hub2xvZ2ljYSMzM0JCRDNDLnBkZgAOAHgAOwBQAGEAdABlAG4AdABzAFQAZQBjAGgAbgBvAGwAbwBnAGkAYwBhAGwAQwBoAGEAbgBnAGUAXwAxAC0AcwAyAC4AMAAtADAAMAA0ADgANwAzADMAMwA4ADcAOQAwADAAMgA3ADgALQBtAGEAaQBuAC4AcABkAGYADwAaAAwATQBhAGMAaQBuAHQAbwBzAGgAIABIAEQAEgB6VXNlcnMvSnVzdGUvRG9jdW1lbnRzL0NvbXBsZXhTeXN0ZW1zL1BhdGVudHNNaW5pbmcvQmlibGlvL0RvY3MvUGF0ZW50c1RlY2hub2xvZ2ljYWxDaGFuZ2VfMS1zMi4wLTAwNDg3MzMzODc5MDAyNzgtbWFpbi5wZGYAEwABLwAAFQACAAz//wAAgAbSGxwdHlokY2xhc3NuYW1lWCRjbGFzc2VzXU5TTXV0YWJsZURhdGGjHR8gVk5TRGF0YVhOU09iamVjdNIbHCIjXE5TRGljdGlvbmFyeaIiIF8QD05TS2V5ZWRBcmNoaXZlctEmJ1Ryb290gAEACAARABoAIwAtADIANwBAAEYATQBVAGAAZwBqAGwAbgBxAHMAdQB3AIQAjgDkAOkA8QNpA2sDcAN7A4QDkgOWA50DpgOrA7gDuwPNA9AD1QAAAAAAAAIBAAAAAAAAACgAAAAAAAAAAAAAAAAAAAPX}}

@book{newman2010networks,
	Author = {Newman, Mark},
	Date-Added = {2015-09-21 10:59:48 +0000},
	Date-Modified = {2015-09-21 10:59:48 +0000},
	Publisher = {Oxford University Press},
	Title = {Networks: an introduction},
	Year = {2010}}

@article{2014arXiv1402.7268S,
	Adsnote = {Provided by the SAO/NASA Astrophysics Data System},
	Adsurl = {http://adsabs.harvard.edu/abs/2014arXiv1402.7268S},
	Archiveprefix = {arXiv},
	Author = {{Sarig{\"o}l}, E. and {Pfitzner}, R. and {Scholtes}, I. and {Garas}, A. and {Schweitzer}, F.},
	Date-Added = {2015-09-21 10:57:01 +0000},
	Date-Modified = {2015-09-21 10:57:01 +0000},
	Eprint = {1402.7268},
	Journal = {ArXiv e-prints},
	Keywords = {Physics - Physics and Society, Computer Science - Digital Libraries, Computer Science - Social and Information Networks},
	Month = feb,
	Primaryclass = {physics.soc-ph},
	Title = {{Predicting Scientific Success Based on Coauthorship Networks}},
	Year = 2014,
	Bdsk-File-1 = {YnBsaXN0MDDUAQIDBAUGJCVYJHZlcnNpb25YJG9iamVjdHNZJGFyY2hpdmVyVCR0b3ASAAGGoKgHCBMUFRYaIVUkbnVsbNMJCgsMDxJXTlMua2V5c1pOUy5vYmplY3RzViRjbGFzc6INDoACgAOiEBGABIAFgAdccmVsYXRpdmVQYXRoWWFsaWFzRGF0YV8QUi4uLy4uLy4uLy4uLy4uL0JpYmxpby9DdWx0dXJlL0NvZ25pdGl2ZVNjaWVuY2UvUXVvdGF0aW9uUHJlZGljdGlvbl8xNDAyLjcyNjh2MS5wZGbSFwsYGVdOUy5kYXRhTxECRAAAAAACRAACAAAMTWFjaW50b3NoIEhEAAAAAAAAAAAAAAAAAAAAykFabEgrAAABMQa3H1F1b3RhdGlvblByZWRpY3Rpb24jMTgxQkUyMy5wZGYAAAAAAAAAAAAAAAAAAAAAAAAAAAAAAAAAAAAAAAAAAAGBviPPRT3sAAAAAAAAAAAABQAEAAAJIAAAAAAAAAAAAAAAAAAAABBDb2duaXRpdmVTY2llbmNlABAACAAAykDp7AAAABEACAAAz0TNbAAAAAEAHAExBrcBMQawAKmYegCQwikABQIVAAUCFAAAvuwAAgB4TWFjaW50b3NoIEhEOlVzZXJzOgBKdXN0ZToARG9jdW1lbnRzOgBDb21wbGV4U3lzdGVtczoAQmlibGlvOgBDdWx0dXJlOgBDb2duaXRpdmVTY2llbmNlOgBRdW90YXRpb25QcmVkaWN0aW9uIzE4MUJFMjMucGRmAA4ASAAjAFEAdQBvAHQAYQB0AGkAbwBuAFAAcgBlAGQAaQBjAHQAaQBvAG4AXwAxADQAMAAyAC4ANwAyADYAOAB2ADEALgBwAGQAZgAPABoADABNAGEAYwBpAG4AdABvAHMAaAAgAEgARAASAGhVc2Vycy9KdXN0ZS9Eb2N1bWVudHMvQ29tcGxleFN5c3RlbXMvQmlibGlvL0N1bHR1cmUvQ29nbml0aXZlU2NpZW5jZS9RdW90YXRpb25QcmVkaWN0aW9uXzE0MDIuNzI2OHYxLnBkZgATAAEvAAAVAAIADP//AACABtIbHB0eWiRjbGFzc25hbWVYJGNsYXNzZXNdTlNNdXRhYmxlRGF0YaMdHyBWTlNEYXRhWE5TT2JqZWN00hscIiNcTlNEaWN0aW9uYXJ5oiIgXxAPTlNLZXllZEFyY2hpdmVy0SYnVHJvb3SAAQAIABEAGgAjAC0AMgA3AEAARgBNAFUAYABnAGoAbABuAHEAcwB1AHcAhACOAOMA6ADwAzgDOgM/A0oDUwNhA2UDbAN1A3oDhwOKA5wDnwOkAAAAAAAAAgEAAAAAAAAAKAAAAAAAAAAAAAAAAAAAA6Y=}}

@article{2013arXiv1310.8220N,
	Adsnote = {Provided by the SAO/NASA Astrophysics Data System},
	Adsurl = {http://adsabs.harvard.edu/abs/2013arXiv1310.8220N},
	Archiveprefix = {arXiv},
	Author = {{Newman}, M.~E.~J.},
	Date-Added = {2015-09-21 10:57:01 +0000},
	Date-Modified = {2015-09-21 10:57:01 +0000},
	Eprint = {1310.8220},
	Journal = {ArXiv e-prints},
	Keywords = {Physics - Physics and Society, Computer Science - Digital Libraries, Computer Science - Social and Information Networks},
	Month = oct,
	Primaryclass = {physics.soc-ph},
	Reading = {A},
	Title = {{Prediction of highly cited papers}},
	Year = 2013,
	Bdsk-File-1 = {YnBsaXN0MDDUAQIDBAUGJCVYJHZlcnNpb25YJG9iamVjdHNZJGFyY2hpdmVyVCR0b3ASAAGGoKgHCBMUFRYaIVUkbnVsbNMJCgsMDxJXTlMua2V5c1pOUy5vYmplY3RzViRjbGFzc6INDoACgAOiEBGABIAFgAdccmVsYXRpdmVQYXRoWWFsaWFzRGF0YV8QUS4uLy4uLy4uLy4uLy4uL0JpYmxpby9DdWx0dXJlL0NvZ25pdGl2ZVNjaWVuY2UvUHJlZGljdGlvbkNpdGF0aW9uXzEzMTAuODIyMHYxLnBkZtIXCxgZV05TLmRhdGFPEQJCAAAAAAJCAAIAAAxNYWNpbnRvc2ggSEQAAAAAAAAAAAAAAAAAAADKQVpsSCsAAAExBrcfUHJlZGljdGlvbkNpdGF0aW9uXyMxMzY0M0U1LnBkZgAAAAAAAAAAAAAAAAAAAAAAAAAAAAAAAAAAAAAAAAAAATZD5c6ZwlcAAAAAAAAAAAAFAAQAAAkgAAAAAAAAAAAAAAAAAAAAEENvZ25pdGl2ZVNjaWVuY2UAEAAIAADKQOnsAAAAEQAIAADOmVHXAAAAAQAcATEGtwExBrAAqZh6AJDCKQAFAhUABQIUAAC+7AACAHhNYWNpbnRvc2ggSEQ6VXNlcnM6AEp1c3RlOgBEb2N1bWVudHM6AENvbXBsZXhTeXN0ZW1zOgBCaWJsaW86AEN1bHR1cmU6AENvZ25pdGl2ZVNjaWVuY2U6AFByZWRpY3Rpb25DaXRhdGlvbl8jMTM2NDNFNS5wZGYADgBGACIAUAByAGUAZABpAGMAdABpAG8AbgBDAGkAdABhAHQAaQBvAG4AXwAxADMAMQAwAC4AOAAyADIAMAB2ADEALgBwAGQAZgAPABoADABNAGEAYwBpAG4AdABvAHMAaAAgAEgARAASAGdVc2Vycy9KdXN0ZS9Eb2N1bWVudHMvQ29tcGxleFN5c3RlbXMvQmlibGlvL0N1bHR1cmUvQ29nbml0aXZlU2NpZW5jZS9QcmVkaWN0aW9uQ2l0YXRpb25fMTMxMC44MjIwdjEucGRmAAATAAEvAAAVAAIADP//AACABtIbHB0eWiRjbGFzc25hbWVYJGNsYXNzZXNdTlNNdXRhYmxlRGF0YaMdHyBWTlNEYXRhWE5TT2JqZWN00hscIiNcTlNEaWN0aW9uYXJ5oiIgXxAPTlNLZXllZEFyY2hpdmVy0SYnVHJvb3SAAQAIABEAGgAjAC0AMgA3AEAARgBNAFUAYABnAGoAbABuAHEAcwB1AHcAhACOAOIA5wDvAzUDNwM8A0cDUANeA2IDaQNyA3cDhAOHA5kDnAOhAAAAAAAAAgEAAAAAAAAAKAAAAAAAAAAAAAAAAAAAA6M=}}

@article{2015arXiv150302373Y,
	Adsnote = {Provided by the SAO/NASA Astrophysics Data System},
	Adsurl = {http://adsabs.harvard.edu/abs/2015arXiv150302373Y},
	Archiveprefix = {arXiv},
	Author = {{Yan}, B. and {Luo}, J.},
	Date-Added = {2015-09-21 09:49:29 +0000},
	Date-Modified = {2015-09-21 09:49:29 +0000},
	Eprint = {1503.02373},
	Journal = {ArXiv e-prints},
	Keywords = {Computer Science - Social and Information Networks, Computer Science - Computers and Society, Computer Science - Digital Libraries, Physics - Physics and Society},
	Month = mar,
	Title = {{Measuring Technological Distance for Patent Mapping}},
	Year = 2015,
	Bdsk-File-1 = {YnBsaXN0MDDUAQIDBAUGJCVYJHZlcnNpb25YJG9iamVjdHNZJGFyY2hpdmVyVCR0b3ASAAGGoKgHCBMUFRYaIVUkbnVsbNMJCgsMDxJXTlMua2V5c1pOUy5vYmplY3RzViRjbGFzc6INDoACgAOiEBGABIAFgAdccmVsYXRpdmVQYXRoWWFsaWFzRGF0YV8QPi4uLy4uLy4uLy4uL0JpYmxpby9Eb2NzL1RlY2hub2xvZ2ljYWxEaXN0YW5jZV8xNTAzLjAyMzczdjMucGRm0hcLGBlXTlMuZGF0YU8RAjYAAAAAAjYAAgAADE1hY2ludG9zaCBIRAAAAAAAAAAAAAAAAAAAAMpBWmxIKwAAAy5R0h9UZWNobm9sb2dpY2FsRGlzdGFuIzMzQkFCRTkucGRmAAAAAAAAAAAAAAAAAAAAAAAAAAAAAAAAAAAAAAAAAAADO6vp0iXziAAAAAAAAAAAAAQAAwAACSAAAAAAAAAAAAAAAAAAAAAERG9jcwAQAAgAAMpA6ewAAAARAAgAANIlgwgAAAABABwDLlHSAy5NrwMuTa0AkMIpAAUCFQAFAhQAAL7sAAIAck1hY2ludG9zaCBIRDpVc2VyczoASnVzdGU6AERvY3VtZW50czoAQ29tcGxleFN5c3RlbXM6AFBhdGVudHNNaW5pbmc6AEJpYmxpbzoARG9jczoAVGVjaG5vbG9naWNhbERpc3RhbiMzM0JBQkU5LnBkZgAOAE4AJgBUAGUAYwBoAG4AbwBsAG8AZwBpAGMAYQBsAEQAaQBzAHQAYQBuAGMAZQBfADEANQAwADMALgAwADIAMwA3ADMAdgAzAC4AcABkAGYADwAaAAwATQBhAGMAaQBuAHQAbwBzAGgAIABIAEQAEgBlVXNlcnMvSnVzdGUvRG9jdW1lbnRzL0NvbXBsZXhTeXN0ZW1zL1BhdGVudHNNaW5pbmcvQmlibGlvL0RvY3MvVGVjaG5vbG9naWNhbERpc3RhbmNlXzE1MDMuMDIzNzN2My5wZGYAABMAAS8AABUAAgAM//8AAIAG0hscHR5aJGNsYXNzbmFtZVgkY2xhc3Nlc11OU011dGFibGVEYXRhox0fIFZOU0RhdGFYTlNPYmplY3TSGxwiI1xOU0RpY3Rpb25hcnmiIiBfEA9OU0tleWVkQXJjaGl2ZXLRJidUcm9vdIABAAgAEQAaACMALQAyADcAQABGAE0AVQBgAGcAagBsAG4AcQBzAHUAdwCEAI4AzwDUANwDFgMYAx0DKAMxAz8DQwNKA1MDWANlA2gDegN9A4IAAAAAAAACAQAAAAAAAAAoAAAAAAAAAAAAAAAAAAADhA==}}

@article{chavalarias2013phylomemetic,
	Abstract = {We introduce an automated method for the bottom-up reconstruction of the cognitive evolution of science, based on big-data issued from digital libraries, and modeled as lineage relationships between scientific fields. We refer to these dynamic structures as phylomemetic networks or phylomemies, by analogy with biological evolution; and we show that they exhibit strong regularities, with clearly identifiable phylomemetic patterns. Some structural properties of the scientific fields - in particular their density -, which are defined independently of the phylomemy reconstruction, are clearly correlated with their status and their fate in the phylomemy (like their age or their short term survival). Within the framework of a quantitative epistemology, this approach raises the question of predictibility for science evolution, and sketches a prototypical life cycle of the scientific fields: an increase of their cohesion after their emergence, the renewal of their conceptual background through branching or merging events, before decaying when their density is getting too low.},
	Author = {Chavalarias, David and Cointet, Jean-Philippe},
	Date-Added = {2015-09-19 19:47:07 +0000},
	Date-Modified = {2015-09-19 19:47:07 +0000},
	Journal = {Plos One},
	Number = {2},
	Pages = {e54847},
	Publisher = {Public Library of Science},
	Title = {Phylomemetic patterns in science evolution---the rise and fall of scientific fields},
	Volume = {8},
	Year = {2013},
	Bdsk-File-1 = {YnBsaXN0MDDUAQIDBAUGJCVYJHZlcnNpb25YJG9iamVjdHNZJGFyY2hpdmVyVCR0b3ASAAGGoKgHCBMUFRYaIVUkbnVsbNMJCgsMDxJXTlMua2V5c1pOUy5vYmplY3RzViRjbGFzc6INDoACgAOiEBGABIAFgAdccmVsYXRpdmVQYXRoWWFsaWFzRGF0YV8QYC4uLy4uLy4uLy4uLy4uL0NpdHlOZXR3b3JrL0JpYmxpby9Eb2NzL1Jldmlldy9DaGF2YUNvaW50ZXRfUGh5bG9tZW1ldGljX2pvdXJuYWwucG9uZS4wMDU0ODQ3LnBkZtIXCxgZV05TLmRhdGFPEQJqAAAAAAJqAAIAAAxNYWNpbnRvc2ggSEQAAAAAAAAAAAAAAAAAAADKQVpsSCsAAAIxeB8fQ2hhdmFDb2ludGV0X1BoeWxvbSMyMzE3ODIwLnBkZgAAAAAAAAAAAAAAAAAAAAAAAAAAAAAAAAAAAAAAAAAAAjF4INEjI7wAAAAAAAAAAAAFAAUAAAkgAAAAAAAAAAAAAAAAAAAABlJldmlldwAQAAgAAMpA6ewAAAARAAgAANEiszwAAAABACACMXgfAjF32QIh+RkCIfkQAJDCKQAFAhUABQIUAAC+7AACAHhNYWNpbnRvc2ggSEQ6VXNlcnM6AEp1c3RlOgBEb2N1bWVudHM6AENvbXBsZXhTeXN0ZW1zOgBDaXR5TmV0d29yazoAQmlibGlvOgBEb2NzOgBSZXZpZXc6AENoYXZhQ29pbnRldF9QaHlsb20jMjMxNzgyMC5wZGYADgBmADIAQwBoAGEAdgBhAEMAbwBpAG4AdABlAHQAXwBQAGgAeQBsAG8AbQBlAG0AZQB0AGkAYwBfAGoAbwB1AHIAbgBhAGwALgBwAG8AbgBlAC4AMAAwADUANAA4ADQANwAuAHAAZABmAA8AGgAMAE0AYQBjAGkAbgB0AG8AcwBoACAASABEABIAdlVzZXJzL0p1c3RlL0RvY3VtZW50cy9Db21wbGV4U3lzdGVtcy9DaXR5TmV0d29yay9CaWJsaW8vRG9jcy9SZXZpZXcvQ2hhdmFDb2ludGV0X1BoeWxvbWVtZXRpY19qb3VybmFsLnBvbmUuMDA1NDg0Ny5wZGYAEwABLwAAFQACAAz//wAAgAbSGxwdHlokY2xhc3NuYW1lWCRjbGFzc2VzXU5TTXV0YWJsZURhdGGjHR8gVk5TRGF0YVhOU09iamVjdNIbHCIjXE5TRGljdGlvbmFyeaIiIF8QD05TS2V5ZWRBcmNoaXZlctEmJ1Ryb290gAEACAARABoAIwAtADIANwBAAEYATQBVAGAAZwBqAGwAbgBxAHMAdQB3AIQAjgDxAPYA/gNsA24DcwN+A4cDlQOZA6ADqQOuA7sDvgPQA9MD2AAAAAAAAAIBAAAAAAAAACgAAAAAAAAAAAAAAAAAAAPa},
	Bdsk-File-2 = {YnBsaXN0MDDUAQIDBAUGJCVYJHZlcnNpb25YJG9iamVjdHNZJGFyY2hpdmVyVCR0b3ASAAGGoKgHCBMUFRYaIVUkbnVsbNMJCgsMDxJXTlMua2V5c1pOUy5vYmplY3RzViRjbGFzc6INDoACgAOiEBGABIAFgAdccmVsYXRpdmVQYXRoWWFsaWFzRGF0YV8QWC4uLy4uLy4uLy4uLy4uL0NpdHlOZXR3b3JrL0JpYmxpby9Eb2NzL1Jldmlldy9DaGF2YUNvaW50ZXRfU3VwcG9ydGluZ19JbmZvcm1hdGlvbl9TMS5wZGbSFwsYGVdOUy5kYXRhTxECUgAAAAACUgACAAAMTWFjaW50b3NoIEhEAAAAAAAAAAAAAAAAAAAAykFabEgrAAACMXgfH0NoYXZhQ29pbnRldF9TdXBwb3IjMjMxNzgyMS5wZGYAAAAAAAAAAAAAAAAAAAAAAAAAAAAAAAAAAAAAAAAAAAIxeCHRIyO8AAAAAAAAAAAABQAFAAAJIAAAAAAAAAAAAAAAAAAAAAZSZXZpZXcAEAAIAADKQOnsAAAAEQAIAADRIrM8AAAAAQAgAjF4HwIxd9kCIfkZAiH5EACQwikABQIVAAUCFAAAvuwAAgB4TWFjaW50b3NoIEhEOlVzZXJzOgBKdXN0ZToARG9jdW1lbnRzOgBDb21wbGV4U3lzdGVtczoAQ2l0eU5ldHdvcms6AEJpYmxpbzoARG9jczoAUmV2aWV3OgBDaGF2YUNvaW50ZXRfU3VwcG9yIzIzMTc4MjEucGRmAA4AVgAqAEMAaABhAHYAYQBDAG8AaQBuAHQAZQB0AF8AUwB1AHAAcABvAHIAdABpAG4AZwBfAEkAbgBmAG8AcgBtAGEAdABpAG8AbgBfAFMAMQAuAHAAZABmAA8AGgAMAE0AYQBjAGkAbgB0AG8AcwBoACAASABEABIAblVzZXJzL0p1c3RlL0RvY3VtZW50cy9Db21wbGV4U3lzdGVtcy9DaXR5TmV0d29yay9CaWJsaW8vRG9jcy9SZXZpZXcvQ2hhdmFDb2ludGV0X1N1cHBvcnRpbmdfSW5mb3JtYXRpb25fUzEucGRmABMAAS8AABUAAgAM//8AAIAG0hscHR5aJGNsYXNzbmFtZVgkY2xhc3Nlc11OU011dGFibGVEYXRhox0fIFZOU0RhdGFYTlNPYmplY3TSGxwiI1xOU0RpY3Rpb25hcnmiIiBfEA9OU0tleWVkQXJjaGl2ZXLRJidUcm9vdIABAAgAEQAaACMALQAyADcAQABGAE0AVQBgAGcAagBsAG4AcQBzAHUAdwCEAI4A6QDuAPYDTANOA1MDXgNnA3UDeQOAA4kDjgObA54DsAOzA7gAAAAAAAACAQAAAAAAAAAoAAAAAAAAAAAAAAAAAAADug==}}

@inproceedings{li2007automatic,
	Author = {Li, Xin and Chen, Hsinchun and Zhang, Zhu and Li, Jiexun},
	Booktitle = {Proceedings of the 7th ACM/IEEE-CS joint conference on Digital libraries},
	Date-Added = {2015-09-15 11:19:52 +0000},
	Date-Modified = {2015-09-15 11:19:52 +0000},
	Organization = {ACM},
	Pages = {419--427},
	Title = {Automatic patent classification using citation network information: an experimental study in nanotechnology},
	Year = {2007}}

@article{shibata2008detecting,
	Author = {Shibata, Naoki and Kajikawa, Yuya and Takeda, Yoshiyuki and Matsushima, Katsumori},
	Date-Added = {2015-09-15 10:42:19 +0000},
	Date-Modified = {2015-09-15 10:42:19 +0000},
	Journal = {Technovation},
	Number = {11},
	Pages = {758--775},
	Publisher = {Elsevier},
	Title = {Detecting emerging research fronts based on topological measures in citation networks of scientific publications},
	Volume = {28},
	Year = {2008},
	Bdsk-File-1 = {YnBsaXN0MDDUAQIDBAUGJCVYJHZlcnNpb25YJG9iamVjdHNZJGFyY2hpdmVyVCR0b3ASAAGGoKgHCBMUFRYaIVUkbnVsbNMJCgsMDxJXTlMua2V5c1pOUy5vYmplY3RzViRjbGFzc6INDoACgAOiEBGABIAFgAdccmVsYXRpdmVQYXRoWWFsaWFzRGF0YV8QSS4uLy4uLy4uLy4uL0JpYmxpby9Eb2NzL1BhcGVyQ2x1c3RlcmluZ18xLXMyLjAtUzAxNjY0OTcyMDgwMDA0MzYtbWFpbi5wZGbSFwsYGVdOUy5kYXRhTxECVgAAAAACVgACAAAMTWFjaW50b3NoIEhEAAAAAAAAAAAAAAAAAAAAykFabEgrAAADLlHSH1BhcGVyQ2x1c3RlcmluZ18xLXMjMzJFNTc2Ni5wZGYAAAAAAAAAAAAAAAAAAAAAAAAAAAAAAAAAAAAAAAAAAAMuV2bSHhbXAAAAAAAAAAAABAADAAAJIAAAAAAAAAAAAAAAAAAAAAREb2NzABAACAAAykDp7AAAABEACAAA0h2mVwAAAAEAHAMuUdIDLk2vAy5NrQCQwikABQIVAAUCFAAAvuwAAgByTWFjaW50b3NoIEhEOlVzZXJzOgBKdXN0ZToARG9jdW1lbnRzOgBDb21wbGV4U3lzdGVtczoAUGF0ZW50c01pbmluZzoAQmlibGlvOgBEb2NzOgBQYXBlckNsdXN0ZXJpbmdfMS1zIzMyRTU3NjYucGRmAA4AZAAxAFAAYQBwAGUAcgBDAGwAdQBzAHQAZQByAGkAbgBnAF8AMQAtAHMAMgAuADAALQBTADAAMQA2ADYANAA5ADcAMgAwADgAMAAwADAANAAzADYALQBtAGEAaQBuAC4AcABkAGYADwAaAAwATQBhAGMAaQBuAHQAbwBzAGgAIABIAEQAEgBwVXNlcnMvSnVzdGUvRG9jdW1lbnRzL0NvbXBsZXhTeXN0ZW1zL1BhdGVudHNNaW5pbmcvQmlibGlvL0RvY3MvUGFwZXJDbHVzdGVyaW5nXzEtczIuMC1TMDE2NjQ5NzIwODAwMDQzNi1tYWluLnBkZgATAAEvAAAVAAIADP//AACABtIbHB0eWiRjbGFzc25hbWVYJGNsYXNzZXNdTlNNdXRhYmxlRGF0YaMdHyBWTlNEYXRhWE5TT2JqZWN00hscIiNcTlNEaWN0aW9uYXJ5oiIgXxAPTlNLZXllZEFyY2hpdmVy0SYnVHJvb3SAAQAIABEAGgAjAC0AMgA3AEAARgBNAFUAYABnAGoAbABuAHEAcwB1AHcAhACOANoA3wDnA0EDQwNIA1MDXANqA24DdQN+A4MDkAOTA6UDqAOtAAAAAAAAAgEAAAAAAAAAKAAAAAAAAAAAAAAAAAAAA68=}}

@article{valverde2007topology,
	Author = {Valverde, Sergi and Sol{\'e}, Ricard V and Bedau, Mark A and Packard, Norman},
	Date-Added = {2015-09-15 10:34:01 +0000},
	Date-Modified = {2015-09-15 10:34:01 +0000},
	Journal = {Physical Review E},
	Number = {5},
	Pages = {056118},
	Publisher = {APS},
	Title = {Topology and evolution of technology innovation networks},
	Volume = {76},
	Year = {2007},
	Bdsk-File-1 = {YnBsaXN0MDDUAQIDBAUGJCVYJHZlcnNpb25YJG9iamVjdHNZJGFyY2hpdmVyVCR0b3ASAAGGoKgHCBMUFRYaIVUkbnVsbNMJCgsMDxJXTlMua2V5c1pOUy5vYmplY3RzViRjbGFzc6INDoACgAOiEBGABIAFgAdccmVsYXRpdmVQYXRoWWFsaWFzRGF0YV8QMy4uLy4uLy4uLy4uL0JpYmxpby9Eb2NzL0NpdGF0aW9uTmV0d29ya18wNjEyMDMwLnBkZtIXCxgZV05TLmRhdGFPEQIQAAAAAAIQAAIAAAxNYWNpbnRvc2ggSEQAAAAAAAAAAAAAAAAAAADKQVpsSCsAAAMuUdIbQ2l0YXRpb25OZXR3b3JrXzA2MTIwMzAucGRmAAAAAAAAAAAAAAAAAAAAAAAAAAAAAAAAAAAAAAAAAAAAAAAAAy5R0NIeFKkAAAAAAAAAAAAEAAMAAAkgAAAAAAAAAAAAAAAAAAAABERvY3MAEAAIAADKQOnsAAAAEQAIAADSHaQpAAAAAQAcAy5R0gMuTa8DLk2tAJDCKQAFAhUABQIUAAC+7AACAG5NYWNpbnRvc2ggSEQ6VXNlcnM6AEp1c3RlOgBEb2N1bWVudHM6AENvbXBsZXhTeXN0ZW1zOgBQYXRlbnRzTWluaW5nOgBCaWJsaW86AERvY3M6AENpdGF0aW9uTmV0d29ya18wNjEyMDMwLnBkZgAOADgAGwBDAGkAdABhAHQAaQBvAG4ATgBlAHQAdwBvAHIAawBfADAANgAxADIAMAAzADAALgBwAGQAZgAPABoADABNAGEAYwBpAG4AdABvAHMAaAAgAEgARAASAFpVc2Vycy9KdXN0ZS9Eb2N1bWVudHMvQ29tcGxleFN5c3RlbXMvUGF0ZW50c01pbmluZy9CaWJsaW8vRG9jcy9DaXRhdGlvbk5ldHdvcmtfMDYxMjAzMC5wZGYAEwABLwAAFQACAAz//wAAgAbSGxwdHlokY2xhc3NuYW1lWCRjbGFzc2VzXU5TTXV0YWJsZURhdGGjHR8gVk5TRGF0YVhOU09iamVjdNIbHCIjXE5TRGljdGlvbmFyeaIiIF8QD05TS2V5ZWRBcmNoaXZlctEmJ1Ryb290gAEACAARABoAIwAtADIANwBAAEYATQBVAGAAZwBqAGwAbgBxAHMAdQB3AIQAjgDEAMkA0QLlAucC7AL3AwADDgMSAxkDIgMnAzQDNwNJA0wDUQAAAAAAAAIBAAAAAAAAACgAAAAAAAAAAAAAAAAAAANT}}

@techreport{squicciarini2013measuring,
	Author = {Squicciarini, Mariagrazia and Dernis, H{\'e}l{\`e}ne and Criscuolo, Chiara and others},
	Institution = {OECD Publishing},
	Title = {Measuring patent quality: Indicators of technological and economic value},
	Year = {2013}}

@article{Morescalchi2015651,
	Abstract = {Abstract Recent studies on the geography of knowledge networks have documented a negative impact of physical distance and institutional borders upon research and development (R&amp;D) collaborations. Though it is widely recognized that geographic constraints and national borders impede the diffusion of knowledge, less attention has been devoted to the temporal evolution of these constraints. In this study we use data on patents filed with the European Patent Office (EPO) for \{OECD\} countries to analyze the impact of physical distance and country borders on inter-regional links in four different networks over the period 1988--2009: (1) co-inventorship, (2) patent citations, (3) inventor mobility and (4) the location of R&amp;D laboratories. We find the constraint imposed by country borders and distance decreased until mid-1990s then started to grow, particularly for distance. The intensity of European cross-country inventor collaborations increased at a higher pace than their non-European counterparts until 2004, with no significant relative progress thereafter. For geographical networks of mobility, R&amp;D activities and patent citations we cannot detect any substantial progress in European research integration above and beyond the common global trend. },
	Author = {Andrea Morescalchi and Fabio Pammolli and Orion Penner and Alexander M. Petersen and Massimo Riccaboni},
	Date-Added = {2015-09-15 10:25:05 +0000},
	Date-Modified = {2015-09-15 10:25:05 +0000},
	Doi = {http://dx.doi.org/10.1016/j.respol.2014.10.015},
	Issn = {0048-7333},
	Journal = {Research Policy},
	Keywords = {Gravity model},
	Number = {3},
	Pages = {651 - 668},
	Title = {The evolution of networks of innovators within and across borders: Evidence from patent data},
	Url = {http://www.sciencedirect.com/science/article/pii/S0048733314001905},
	Volume = {44},
	Year = {2015},
	Bdsk-File-1 = {YnBsaXN0MDDUAQIDBAUGJCVYJHZlcnNpb25YJG9iamVjdHNZJGFyY2hpdmVyVCR0b3ASAAGGoKgHCBMUFRYaIVUkbnVsbNMJCgsMDxJXTlMua2V5c1pOUy5vYmplY3RzViRjbGFzc6INDoACgAOiEBGABIAFgAdccmVsYXRpdmVQYXRoWWFsaWFzRGF0YV8QTy4uLy4uLy4uLy4uLy4uL0NvbmZlcmVuY2VzL0lDQ1NTMjAxNS9CaWJsaW8vRG9jcy9QYXRlbnRNaW5pbmcvRUlDX1dQXzFfMjAxNC5wZGbSFwsYGVdOUy5kYXRhTxECJgAAAAACJgACAAAMTWFjaW50b3NoIEhEAAAAAAAAAAAAAAAAAAAAykFabEgrAAACj8FJEUVJQ19XUF8xXzIwMTQucGRmAAAAAAAAAAAAAAAAAAAAAAAAAAAAAAAAAAAAAAAAAAAAAAAAAAAAAAAAAAAAAAKPwUTRn+YfAAAAAAAAAAAABQAGAAAJIAAAAAAAAAAAAAAAAAAAAAxQYXRlbnRNaW5pbmcAEAAIAADKQOnsAAAAEQAIAADRn3WfAAAAAQAkAo/BSQKNPJsCjTyZAgRr3wJhUb0AkMIpAAUCFQAFAhQAAL7sAAIAe01hY2ludG9zaCBIRDpVc2VyczoASnVzdGU6AERvY3VtZW50czoAQ29tcGxleFN5c3RlbXM6AENvbmZlcmVuY2VzOgBJQ0NTUzIwMTU6AEJpYmxpbzoARG9jczoAUGF0ZW50TWluaW5nOgBFSUNfV1BfMV8yMDE0LnBkZgAADgAkABEARQBJAEMAXwBXAFAAXwAxAF8AMgAwADEANAAuAHAAZABmAA8AGgAMAE0AYQBjAGkAbgB0AG8AcwBoACAASABEABIAZVVzZXJzL0p1c3RlL0RvY3VtZW50cy9Db21wbGV4U3lzdGVtcy9Db25mZXJlbmNlcy9JQ0NTUzIwMTUvQmlibGlvL0RvY3MvUGF0ZW50TWluaW5nL0VJQ19XUF8xXzIwMTQucGRmAAATAAEvAAAVAAIADP//AACABtIbHB0eWiRjbGFzc25hbWVYJGNsYXNzZXNdTlNNdXRhYmxlRGF0YaMdHyBWTlNEYXRhWE5TT2JqZWN00hscIiNcTlNEaWN0aW9uYXJ5oiIgXxAPTlNLZXllZEFyY2hpdmVy0SYnVHJvb3SAAQAIABEAGgAjAC0AMgA3AEAARgBNAFUAYABnAGoAbABuAHEAcwB1AHcAhACOAOAA5QDtAxcDGQMeAykDMgNAA0QDSwNUA1kDZgNpA3sDfgODAAAAAAAAAgEAAAAAAAAAKAAAAAAAAAAAAAAAAAAAA4U=},
	Bdsk-Url-1 = {http://www.sciencedirect.com/science/article/pii/S0048733314001905},
	Bdsk-Url-2 = {http://dx.doi.org/10.1016/j.respol.2014.10.015}}

@article{Youn:2015fk,
	Abstract = {Invention has been commonly conceptualized as a search over a space of combinatorial possibilities. Despite the existence of a rich literature, spanning a variety of disciplines, elaborating on the recombinant nature of invention, we lack a formal and quantitative characterization of the combinatorial process underpinning inventive activity. Here, we use US patent records dating from 1790 to 2010 to formally characterize invention as a combinatorial process. To do this, we treat patented inventions as carriers of technologies and avail ourselves of the elaborate system of technology codes used by the United States Patent and Trademark Office to classify the technologies responsible for an invention{\textquoteright}s novelty. We find that the combinatorial inventive process exhibits an invariant rate of {\textquoteleft}exploitation{\textquoteright} (refinements of existing combinations of technologies) and {\textquoteleft}exploration{\textquoteright} (the development of new technological combinations). This combinatorial dynamic contrasts sharply with the creation of new technological capabilities{\textemdash}the building blocks to be combined{\textemdash}that has significantly slowed down. We also find that, notwithstanding the very reduced rate at which new technologies are introduced, the generation of novel technological combinations engenders a practically infinite space of technological configurations.},
	Author = {Youn, Hyejin and Strumsky, Deborah and Bettencourt, Luis M. A. and Lobo, Jos{\'e}},
	Date-Added = {2015-09-15 10:25:05 +0000},
	Date-Modified = {2015-09-15 10:25:05 +0000},
	Doi = {10.1098/rsif.2015.0272},
	Isbn = {1742-5662},
	Issn = {1742-5689},
	Journal = {Journal of The Royal Society Interface},
	Number = {106},
	Publisher = {The Royal Society},
	Title = {Invention as a combinatorial process: evidence from US patents},
	Volume = {12},
	Year = {2015},
	Bdsk-File-1 = {YnBsaXN0MDDUAQIDBAUGJCVYJHZlcnNpb25YJG9iamVjdHNZJGFyY2hpdmVyVCR0b3ASAAGGoKgHCBMUFRYaIVUkbnVsbNMJCgsMDxJXTlMua2V5c1pOUy5vYmplY3RzViRjbGFzc6INDoACgAOiEBGABIAFgAdccmVsYXRpdmVQYXRoWWFsaWFzRGF0YV8Qay4uLy4uLy4uLy4uLy4uL0NvbmZlcmVuY2VzL0lDQ1NTMjAxNS9CaWJsaW8vRG9jcy9QYXRlbnRNaW5pbmcvSW52ZW50aW9uQ29tYmluYXRvcnlQcm9jZXNzXzIwMTUwMjcyLmZ1bGwucGRm0hcLGBlXTlMuZGF0YU8RAogAAAAAAogAAgAADE1hY2ludG9zaCBIRAAAAAAAAAAAAAAAAAAAAMpBWmxIKwAAAo/BSR9JbnZlbnRpb25Db21iaW5hdG9yIzI4RkQwODAucGRmAAAAAAAAAAAAAAAAAAAAAAAAAAAAAAAAAAAAAAAAAAACj9CA0Z/sEgAAAAAAAAAAAAUABgAACSAAAAAAAAAAAAAAAAAAAAAMUGF0ZW50TWluaW5nABAACAAAykDp7AAAABEACAAA0Z97kgAAAAEAJAKPwUkCjTybAo08mQIEa98CYVG9AJDCKQAFAhUABQIUAAC+7AACAIlNYWNpbnRvc2ggSEQ6VXNlcnM6AEp1c3RlOgBEb2N1bWVudHM6AENvbXBsZXhTeXN0ZW1zOgBDb25mZXJlbmNlczoASUNDU1MyMDE1OgBCaWJsaW86AERvY3M6AFBhdGVudE1pbmluZzoASW52ZW50aW9uQ29tYmluYXRvciMyOEZEMDgwLnBkZgAADgBcAC0ASQBuAHYAZQBuAHQAaQBvAG4AQwBvAG0AYgBpAG4AYQB0AG8AcgB5AFAAcgBvAGMAZQBzAHMAXwAyADAAMQA1ADAAMgA3ADIALgBmAHUAbABsAC4AcABkAGYADwAaAAwATQBhAGMAaQBuAHQAbwBzAGgAIABIAEQAEgCBVXNlcnMvSnVzdGUvRG9jdW1lbnRzL0NvbXBsZXhTeXN0ZW1zL0NvbmZlcmVuY2VzL0lDQ1NTMjAxNS9CaWJsaW8vRG9jcy9QYXRlbnRNaW5pbmcvSW52ZW50aW9uQ29tYmluYXRvcnlQcm9jZXNzXzIwMTUwMjcyLmZ1bGwucGRmAAATAAEvAAAVAAIADP//AACABtIbHB0eWiRjbGFzc25hbWVYJGNsYXNzZXNdTlNNdXRhYmxlRGF0YaMdHyBWTlNEYXRhWE5TT2JqZWN00hscIiNcTlNEaWN0aW9uYXJ5oiIgXxAPTlNLZXllZEFyY2hpdmVy0SYnVHJvb3SAAQAIABEAGgAjAC0AMgA3AEAARgBNAFUAYABnAGoAbABuAHEAcwB1AHcAhACOAPwBAQEJA5UDlwOcA6cDsAO+A8IDyQPSA9cD5APnA/kD/AQBAAAAAAAAAgEAAAAAAAAAKAAAAAAAAAAAAAAAAAAABAM=},
	Bdsk-Url-1 = {http://dx.doi.org/10.1098/rsif.2015.0272}}

@article{yoon2011detecting,
	Author = {Yoon, Janghyeok and Kim, Kwangsoo},
	Journal = {Scientometrics},
	Number = {2},
	Pages = {445--461},
	Publisher = {Akad{\'e}miai Kiad{\'o}, co-published with Springer Science+ Business Media BV, Formerly Kluwer Academic Publishers BV},
	Title = {Detecting signals of new technological opportunities using semantic patent analysis and outlier detection},
	Volume = {90},
	Year = {2011}}

@article{gerken2012new,
	Author = {Gerken, Jan M and Moehrle, Martin G},
	Journal = {Scientometrics},
	Number = {3},
	Pages = {645--670},
	Publisher = {Akad{\'e}miai Kiad{\'o}, co-published with Springer Science+ Business Media BV, Formerly Kluwer Academic Publishers BV},
	Title = {A new instrument for technology monitoring: novelty in patents measured by semantic patent analysis},
	Volume = {91},
	Year = {2012}}

@techreport{Hall2001,
	Abstract = {This paper describes the database on U.S. patents that we have developed over the past decade, with the goal of making it widely accessible for research. We present main trends in U. S. patenting over the last 30 years, including a variety of original measures constructed with citation data, such as backward and forward citation lags, indices of \&quot;originality\&quot; and \&quot;generality\&quot;, self-citations, etc.},
	Author = {Hall, B. and Jaffe, A. and Trajtenberg, M.},
	Institution = {Tel Aviv},
	Keywords = {COMPUTERS ; TECHNOLOGY ; ECONOMETRICS},
	Number = {2001-29},
	Title = {{The NBER Patent Citations Data File: Lessons, Insights and Methodological Tools}},
	Type = {Papers},
	Url = {https://ideas.repec.org/p/fth/teavfo/2001-29.html},
	Year = {2001},
	Bdsk-Url-1 = {https://ideas.repec.org/p/fth/teavfo/2001-29.html}}

@article{park2014semantic,
	Author = {Park, Inchae and Yoon, Byungun},
	Journal = {Technology Analysis \& Strategic Management},
	Number = {8},
	Pages = {855--874},
	Publisher = {Taylor \& Francis},
	Title = {A semantic analysis approach for identifying patent infringement based on a product--patent map},
	Volume = {26},
	Year = {2014}}

@article{KletteKortum2002,
	Abstract = {De develop a parsimonious model of innovating firms rich enough to confront firm-level evidence. It captures the dynamic behavior of individual heterogeneous firms, describes the evolution of an industry with simultaneous entry and exit, and delivers a general equilibrium model of technological change. While unifying the theoretical analysis of firms, industries, and the aggregate economy, the models yields insight into empirical work on innovating firms. It accounts for the persistence over time of firms{\^a}{\^A}{\^A}{\^A}{\^A}{\^A}{\^A}{\^A}{\^A}Â€{\^A}{\^A}{\^A}{\^A}{\^A}{\^A}{\^A}{\^A}Â™ R \& D investments, the concentration of R \& D among incumbents firms, and the link between R \& D and patenting . Furthermore, it explains why R \& D as a fraction of revenues is strongly related to firm productivity yet largely unrelated to firm size or growth.<P>(This abstract was borrowed from another version of this item.)},
	Author = {Tor Jakob Klette and Samuel Kortum},
	Journal = {Journal of Political Economy},
	Month = {October},
	Number = {5},
	Pages = {986-1018},
	Title = {{Innovating Firms and Aggregate Innovation}},
	Url = {https://ideas.repec.org/a/ucp/jpolec/v112y2004i5p986-1018.html},
	Volume = {112},
	Year = {2004},
	Bdsk-Url-1 = {https://ideas.repec.org/a/ucp/jpolec/v112y2004i5p986-1018.html}}

@article{2016arXiv160602319N,
	Adsnote = {Provided by the SAO/NASA Astrophysics Data System},
	Adsurl = {http://adsabs.harvard.edu/abs/2016arXiv160602319N},
	Archiveprefix = {arXiv},
	Author = {{Newman}, M.~E.~J.},
	Eprint = {1606.02319},
	Journal = {ArXiv e-prints},
	Keywords = {Computer Science - Social and Information Networks, Physics - Physics and Society},
	Month = jun,
	Title = {{Community detection in networks: Modularity optimization and maximum likelihood are equivalent}},
	Year = 2016}

@article{regibeau2010,
	Abstract = { We study the relationship between the length of patent review and the importance of inventions. We build a simple model of the U.S. patent review process. Among the model predictions are that, controlling for a patent's position in a new technology cycle, more important innovations would be approved more quickly. Also, the approval delay is likely to decrease as an industry moves from the early stages of an innovation cycle to later stages. These predictions are in line with the evidence we obtain from a data set on U.S. patents granted in the field of genetically modified crops from 1983 to 1999. We also show that failing to account for the innovation lifecycle - as previous studies have done - is likely to bias upwards the estimates of the relationship between delay and importance. Copyright 2010 The Authors. Journal compilation 2010 Blackwell Publishing Ltd. and the Editorial Board of The Journal of Industrial Economics.},
	Author = {R{\'e}gibeau, Pierre and Rockett, Katharine},
	Journal = {Journal of Industrial Economics},
	Number = {2},
	Pages = {222-246},
	Title = {Innovation cycles and learning at the patent office: does the early patent get the delay?},
	Url = {http://EconPapers.repec.org/RePEc:bla:jindec:v:58:y:2010:i:2:p:222-246},
	Volume = {58},
	Year = {2010},
	Bdsk-Url-1 = {http://EconPapers.repec.org/RePEc:bla:jindec:v:58:y:2010:i:2:p:222-246}}

@techreport{martin2015,
	Abstract = {How much should governments subsidize the development of new clean technologies? We use patent citation data to investigate the relative intensity of knowledge spillovers in clean and dirty technologies in two technological fields: energy production and transportation. We introduce a new methodology that takes into account the whole history of patent citations to capture the indirect knowledge spillovers generated by patents. We find that conditional on a wide range of potential confounding factors clean patents receive on average 43\% more citations than dirty patents. Knowledge spillovers from clean technologies are comparable in scale to those observed in the IT sector. The radical novelty of clean technologies relative to more incremental dirty inventions seems to account for their superiority. Our results can support public support for clean R\&D. They also suggest that green policies might be able to boost economic growth through induced knowledge spillovers.},
	Author = {Antoine Dechezlepr{\~A}Âªtre and Ralf Martin and Myra Mohnen},
	Institution = {Centre for Economic Performance, LSE},
	Keywords = {Innovation spill-overs; Climate Change; Growth; Patents; Clean technology; Optimal climate policy},
	Month = Sep,
	Number = {dp1300},
	Title = {{Knowledge Spillovers from Clean and Dirty Technologies}},
	Type = {CEP Discussion Papers},
	Url = {https://ideas.repec.org/p/cep/cepdps/dp1300.html},
	Year = 2014,
	Bdsk-Url-1 = {https://ideas.repec.org/p/cep/cepdps/dp1300.html}}

@article{decelle2011asymptotic,
	Author = {Decelle, Aurelien and Krzakala, Florent and Moore, Cristopher and Zdeborov{\'a}, Lenka},
	Journal = {Physical Review E},
	Number = {6},
	Pages = {066106},
	Publisher = {APS},
	Title = {Asymptotic analysis of the stochastic block model for modular networks and its algorithmic applications},
	Volume = {84},
	Year = {2011}}




@article{doi:10.1162isala00283,
author = {Raimbault, Juste},
title = {A model of urban evolution based on innovation diffusion},
journal = {Artificial Life Conference Proceedings},
volume = {},
number = {32},
pages = {500-508},
year = {2020},
doi = {10.1162/isal\_a\_00283},

URL = { 
        https://www.mitpressjournals.org/doi/abs/10.1162/isal_a_00283
    
},
eprint = { 
        https://www.mitpressjournals.org/doi/pdf/10.1162/isal_a_00283
    
}
,
    abstract = { The dynamics of urban systems can be understood from an evolutionary perspective, in some sense extending biological and cultural evolution. Models for systems of cities implementing elementary evolutionary processes remain however to be investigated. We propose here such a model for urban dynamics at the macroscopic scale, in which the diffusion of innovations between cities captures transformation processes (mutations) and transmission processes (diffusion), using two coupled spatial interaction models. Explorations of the model on synthetic systems of cities show the role of spatial interaction and innovation diffusion ranges on measures of diversity and utility, and the existence of intermediate ranges yielding an optimal utility. Multi-objective optimization shows how the model produces a compromize between utility and diversity. This model paves the way towards more elaborated formalizations of urban evolution. }
}



@article{raimbault2019empowering,
  title={Empowering open science with reflexive and spatialised indicators},
  author={Raimbault, Juste and Chasset, Pierre-Olivier and Cottineau, Cl{\'e}mentine and Commenges, Hadrien and Pumain, Denise and Kosmopoulos, Christine and Banos, Arnaud},
  journal={Environment and Planning B: Urban Analytics and City Science},
  pages={2399808319870816},
  year={2019},
  publisher={SAGE Publications Sage UK: London, England}
}




@article{chavalarias2013phylomemetic,
  title={Phylomemetic patterns in science evolutionâ€”the rise and fall of scientific fields},
  author={Chavalarias, David and Cointet, Jean-Philippe},
  journal={PloS one},
  volume={8},
  number={2},
  pages={e54847},
  year={2013},
  publisher={Public Library of Science}
}


@article{chavalarias2009french,
  title={French roadmap for complex systems 2008-2009},
  author={Chavalarias, David and Bourgine, Paul and Perrier, Edith and Amblard, Fr{\'e}deric and Arlabosse, Fran{\c{c}}ois and Auger, Pierre and Baillon, Jean-Bernard and Barreteau, Olivier and Baudot, Pierre and Bouchaud, Elisabeth and others},
  year={2009}
}


@article{banos2018spatialised,
  title={A spatialised bibliometrics approach of a scientific journal production},
  author={Banos, Arnaud and Chasset, Pierre-Olivier and Commenges, Hadrien and Cottineau, Cl{\'e}mentine and Pumain, Denise and Raimbault, Juste},
  journal={arXiv preprint arXiv:1808.07282},
  year={2018}
}


@article {Barabasi509,
	author = {Barab{\'a}si, Albert-L{\'a}szl{\'o} and Albert, R{\'e}ka},
	title = {Emergence of Scaling in Random Networks},
	volume = {286},
	number = {5439},
	pages = {509--512},
	year = {1999},
	doi = {10.1126/science.286.5439.509},
	publisher = {American Association for the Advancement of Science},
	abstract = {Systems as diverse as genetic networks or the World Wide Web are best described as networks with complex topology. A common property of many large networks is that the vertex connectivities follow a scale-free power-law distribution. This feature was found to be a consequence of two generic mechanisms: (i) networks expand continuously by the addition of new vertices, and (ii) new vertices attach preferentially to sites that are already well connected. A model based on these two ingredients reproduces the observed stationary scale-free distributions, which indicates that the development of large networks is governed by robust self-organizing phenomena that go beyond the particulars of the individual systems.},
	issn = {0036-8075},
	URL = {http://science.sciencemag.org/content/286/5439/509},
	eprint = {http://science.sciencemag.org/content/286/5439/509.full.pdf},
	journal = {Science}
}


@article{szell2018nobel,
	Author = {Szell, Michael and Ma, Yifang and Sinatra, Roberta},
	Journal = {Nature Physics},
	Number = {11},
	Pages = {1075--1078},
	Title = {A Nobel opportunity for interdisciplinarity},
	Volume = {14},
	Year = {2018}}




@article{CHEN20151034,
title = "Are top-cited papers more interdisciplinary?",
journal = "Journal of Informetrics",
volume = "9",
number = "4",
pages = "1034 - 1046",
year = "2015",
issn = "1751-1577",
doi = "https://doi.org/10.1016/j.joi.2015.09.003",
url = "http://www.sciencedirect.com/science/article/pii/S1751157715300201",
author = "Shiji Chen and ClÃ©ment Arsenault and Vincent LariviÃ¨re",
keywords = "Interdisciplinarity, Percentile rank classes, Citation distribution, Top cited papers",
abstract = "Over the last decade, the relationship between interdisciplinarity and scientific impact has been the focus of many bibliometric papers, with diverging results. This paper aims at contributing to this body of research, by analyzing the level of interdisciplinarity, compiled with the Simpson Index, of the top 1% most highly cited papers and of papers with lower citation percentile ranks. Results shows that the top 1% most cited papers exhibit higher levels of interdisciplinarity than papers in other citation rank classes and that this relationship is observed in more than 90% of NSF specialties. This suggests that interdisciplinary research plays a more important role in generating high impact knowledge."
}



@article{Rouse12582,
	Author = {Rouse, William B. and Lombardi, John V. and Craig, Diane D.},
	Journal = {Proceedings of the National Academy of Sciences},
	Number = {50},
	Pages = {12582--12589},
	Title = {Modeling research universities: Predicting probable futures of public vs. private and large vs. small research universities},
	Volume = {115},
	Year = {2018}}



@article{Akerlof13228,
	Author = {Akerlof, George A. and Michaillat, Pascal},
	Journal = {Proceedings of the National Academy of Sciences},
	Number = {52},
	Pages = {13228--13233},
	Title = {Persistence of false paradigms in low-power sciences},
	Volume = {115},
	Year = {2018}}



@article{wen2017mapping,
  title={Mapping science through bibliometric triangulation: An experimental approach applied to water research},
  author={Wen, Bei and Horlings, Edwin and van der Zouwen, Mari{\"e}lle and Van den Besselaar, Peter},
  journal={Journal of the Association for Information Science and Technology},
  volume={68},
  number={3},
  pages={724--738},
  year={2017},
  publisher={Wiley Online Library}
}


@article{malliaros2013clustering,
  title={Clustering and community detection in directed networks: A survey},
  author={Malliaros, Fragkiskos D and Vazirgiannis, Michalis},
  journal={Physics Reports},
  volume={533},
  number={4},
  pages={95--142},
  year={2013},
  publisher={Elsevier}
}


@article{boyack2005mapping,
  title={Mapping the backbone of science},
  author={Boyack, Kevin W and Klavans, Richard and B{\"o}rner, Katy},
  journal={Scientometrics},
  volume={64},
  number={3},
  pages={351--374},
  year={2005},
  publisher={Springer}
}


@article{light2014open,
  title={Open data and open code for big science of science studies},
  author={Light, Robert P and Polley, David E and B{\"o}rner, Katy},
  journal={Scientometrics},
  volume={101},
  number={2},
  pages={1535--1551},
  year={2014},
  publisher={Springer}
}


@article{leydesdorff2009global,
  title={A global map of science based on the ISI subject categories},
  author={Leydesdorff, Loet and Rafols, Ismael},
  journal={Journal of the American Society for Information Science and Technology},
  volume={60},
  number={2},
  pages={348--362},
  year={2009},
  publisher={Wiley Online Library}
}



@article{edmonds2011simulating,
  title={Simulating the social processes of science},
  author={Edmonds, Bruce and Gilbert, Nigel and Ahrweiler, Petra and Scharnhorst, Andrea},
  journal={Journal of Artificial Societies and Social Simulation},
  volume={14},
  number={4},
  pages={14},
  year={2011}
}


@book{scharnhorst2012models,
  title={Models of science dynamics: Encounters between complexity theory and information sciences},
  author={Scharnhorst, Andrea and B{\"o}rner, Katy and van den Besselaar, Peter},
  year={2012},
  publisher={Springer Science \& Business Media}
}


@article{borner2011modeling,
  title={Modeling science: studying the structure and dynamics of science},
  author={B{\"o}rner, Katy and Gl{\"a}nzel, Wolfgang and Scharnhorst, Andrea and Van den Besselaar, Peter},
  journal={Scientometrics},
  volume={89},
  number={1},
  pages={347--348},
  year={2011},
  publisher={Springer}
}


@article{boyack2017thesaurus,
  title={Thesaurus-based methods for mapping contents of publication sets},
  author={Boyack, Kevin W},
  journal={Scientometrics},
  volume={111},
  number={2},
  pages={1141--1155},
  year={2017},
  publisher={Springer}
}

@article{gaumont2017methods,
  title={Methods for the reconstruction of the socio-semantic dynamics of political activist Twitter networks},
  author={Gaumont, Noe and Panahi, Maziyar and Chavalarias, David},
  year={2017}
}


@article{borner2012design,
  title={Design and update of a classification system: The UCSD map of science},
  author={B{\"o}rner, Katy and Klavans, Richard and Patek, Michael and Zoss, Angela M and Biberstine, Joseph R and Light, Robert P and Larivi{\`e}re, Vincent and Boyack, Kevin W},
  journal={PloS one},
  volume={7},
  number={7},
  pages={e39464},
  year={2012},
  publisher={Public Library of Science}
}

@article{chen2006citespace,
  title={CiteSpace II: Detecting and visualizing emerging trends and transient patterns in scientific literature},
  author={Chen, Chaomei},
  journal={Journal of the American Society for information Science and Technology},
  volume={57},
  number={3},
  pages={359--377},
  year={2006},
  publisher={Wiley Online Library}
}


@article{borner2003visualizing,
  title={Visualizing knowledge domains},
  author={B{\"o}rner, Katy and Chen, Chaomei and Boyack, Kevin W},
  journal={Annual review of information science and technology},
  volume={37},
  number={1},
  pages={179--255},
  year={2003},
  publisher={Wiley Online Library}
}



@article{chen2004searching,
  title={Searching for intellectual turning points: Progressive knowledge domain visualization},
  author={Chen, Chaomei},
  journal={Proceedings of the National Academy of Sciences},
  volume={101},
  number={suppl 1},
  pages={5303--5310},
  year={2004},
  publisher={National Acad Sciences}
}


@article{vugteveen2014dynamics,
  title={The dynamics of interdisciplinary research fields: the case of river research},
  author={Vugteveen, Pim and Lenders, Rob and Van Den Besselaar, Peter},
  journal={Scientometrics},
  volume={100},
  number={1},
  pages={73--96},
  year={2014},
  publisher={Springer}
}


@article{newman2006modularity,
  title={Modularity and community structure in networks},
  author={Newman, Mark EJ},
  journal={Proceedings of the national academy of sciences},
  volume={103},
  number={23},
  pages={8577--8582},
  year={2006},
  publisher={National Acad Sciences}
}


@article{rafols2009diversity,
  title={Diversity and network coherence as indicators of interdisciplinarity: case studies in bionanoscience},
  author={Rafols, Ismael and Meyer, Martin},
  journal={Scientometrics},
  volume={82},
  number={2},
  pages={263--287},
  year={2009},
  publisher={Akad{\'e}miai Kiad{\'o}, co-published with Springer Science+ Business Media BV, Formerly Kluwer Academic Publishers BV}
}




@article{zhang2016diversity,
  title={Diversity of references as an indicator of the interdisciplinarity of journals: Taking similarity between subject fields into account},
  author={Zhang, Lin and Rousseau, Ronald and Gl{\"a}nzel, Wolfgang},
  journal={Journal of the Association for Information Science and Technology},
  volume={67},
  number={5},
  pages={1257--1265},
  year={2016},
  publisher={Wiley Online Library}
}



@article{rodriguez2017disciplinarity,
  title={Disciplinarity and interdisciplinarity in citation and reference dimensions: knowledge importation and exportation taxonomy of journals},
  author={Rodr{\'\i}guez, Jorge Ma{\~n}ana},
  journal={Scientometrics},
  volume={110},
  number={2},
  pages={617--642},
  year={2017},
  publisher={Springer}
}



@inproceedings{kumar2008automatic,
  title={Automatic keyphrase extraction from scientific documents using N-gram filtration technique},
  author={Kumar, Niraj and Srinathan, Kannan},
  booktitle={Proceedings of the eighth ACM symposium on Document engineering},
  pages={199--208},
  year={2008},
  organization={ACM}
}



@article{10.1371/journal.pone.0018029,
    author = {Boyack, Kevin W. AND Newman, David AND Duhon, Russell J. AND Klavans, Richard AND Patek, Michael AND Biberstine, Joseph R. AND Schijvenaars, Bob AND Skupin, AndrÃ© AND Ma, Nianli AND BÃ¶rner, Katy},
    journal = {PLOS ONE},
    publisher = {Public Library of Science},
    title = {Clustering More than Two Million Biomedical Publications: Comparing the Accuracies of Nine Text-Based Similarity Approaches},
    year = {2011},
    month = {03},
    volume = {6},
    url = {https://doi.org/10.1371/journal.pone.0018029},
    pages = {1-11},
    abstract = {Background We investigate the accuracy of different similarity approaches for clustering over two million biomedical documents. Clustering large sets of text documents is important for a variety of information needs and applications such as collection management and navigation, summary and analysis. The few comparisons of clustering results from different similarity approaches have focused on small literature sets and have given conflicting results. Our study was designed to seek a robust answer to the question of which similarity approach would generate the most coherent clusters of a biomedical literature set of over two million documents.   Methodology We used a corpus of 2.15 million recent (2004-2008) records from MEDLINE, and generated nine different document-document similarity matrices from information extracted from their bibliographic records, including titles, abstracts and subject headings. The nine approaches were comprised of five different analytical techniques with two data sources. The five analytical techniques are cosine similarity using term frequency-inverse document frequency vectors (tf-idf cosine), latent semantic analysis (LSA), topic modeling, and two Poisson-based language models â€“ BM25 and PMRA (PubMed Related Articles). The two data sources were a) MeSH subject headings, and b) words from titles and abstracts. Each similarity matrix was filtered to keep the top-n highest similarities per document and then clustered using a combination of graph layout and average-link clustering. Cluster results from the nine similarity approaches were compared using (1) within-cluster textual coherence based on the Jensen-Shannon divergence, and (2) two concentration measures based on grant-to-article linkages indexed in MEDLINE.   Conclusions PubMed's own related article approach (PMRA) generated the most coherent and most concentrated cluster solution of the nine text-based similarity approaches tested, followed closely by the BM25 approach using titles and abstracts. Approaches using only MeSH subject headings were not competitive with those based on titles and abstracts.},
    number = {3},
    doi = {10.1371/journal.pone.0018029}
}


@inproceedings{cardie1998error,
  title={Error-driven pruning of treebank grammars for base noun phrase identification},
  author={Cardie, Claire and Pierce, David},
  booktitle={Proceedings of the 17th international conference on Computational linguistics-Volume 1},
  pages={218--224},
  year={1998},
  organization={Association for Computational Linguistics}
}



@article{trajanovski2013robustness,
  title={Robustness envelopes of networks},
  author={Trajanovski, Stojan and Mart{\'\i}n-Hern{\'a}ndez, Javier and Winterbach, Wynand and Van Mieghem, Piet},
  journal={Journal of Complex Networks},
  volume={1},
  number={1},
  pages={44--62},
  year={2013},
  publisher={Oxford University Press}
}


@article{zhang2010journal,
  title={Journal cross-citation analysis for validation and improvement of journal-based subject classification in bibliometric research},
  author={Zhang, Lin and Janssens, Frizo and Liang, Liming and Gl{\"a}nzel, Wolfgang},
  journal={Scientometrics},
  volume={82},
  number={3},
  pages={687--706},
  year={2010},
  publisher={Akad{\'e}miai Kiad{\'o}, co-published with Springer Science+ Business Media BV, Formerly Kluwer Academic Publishers BV}
}


@article{leydesdorff2011indicators,
  title={Indicators of the interdisciplinarity of journals: Diversity, centrality, and citations},
  author={Leydesdorff, Loet and Rafols, Ismael},
  journal={Journal of Informetrics},
  volume={5},
  number={1},
  pages={87--100},
  year={2011},
  publisher={Elsevier}
}



@article{mugabushaka2016bibliometric,
  title={Bibliometric indicators of interdisciplinarity: the potential of the Leinster--Cobbold diversity indices to study disciplinary diversity},
  author={Mugabushaka, Alexis-Michel and Kyriakou, Anthi and Papazoglou, Theo},
  journal={Scientometrics},
  volume={107},
  number={2},
  pages={593--607},
  year={2016},
  publisher={Springer}
}



@article{hall2008collaboration,
  title={The collaboration readiness of transdisciplinary research teams and centers: findings from the National Cancer Institute's TREC year-one evaluation study},
  author={Hall, Kara L and Stokols, Daniel and Moser, Richard P and Taylor, Brandie K and Thornquist, Mark D and Nebeling, Linda C and Ehret, Carolyn C and Barnett, Matthew J and McTiernan, Anne and Berger, Nathan A and others},
  journal={American journal of preventive medicine},
  volume={35},
  number={2},
  pages={S161--S172},
  year={2008},
  publisher={Elsevier}
}



@article{wagner2011approaches,
  title={Approaches to understanding and measuring interdisciplinary scientific research (IDR): A review of the literature},
  author={Wagner, Caroline S and Roessner, J David and Bobb, Kamau and Klein, Julie Thompson and Boyack, Kevin W and Keyton, Joann and Rafols, Ismael and B{\"o}rner, Katy},
  journal={Journal of informetrics},
  volume={5},
  number={1},
  pages={14--26},
  year={2011},
  publisher={Elsevier}
}



@article{roth2010social,
	Author = {Roth, Camille and Cointet, Jean-Philippe},
	Journal = {Social Networks},
	Number = {1},
	Pages = {16--29},
	Title = {Social and semantic coevolution in knowledge networks},
	Volume = {32},
	Year = {2010}}




@article{bras2017oncology,
  title={Oncology research in late twentieth century and turn of the century Portugal: a scientometric approach to its institutional and semantic dimensions},
  author={Br{\'a}s, Oriana Rainho and Cointet, Jean-Philippe and Cambrosio, Alberto and David, Leonor and Nunes, Jo{\~a}o Arriscado and Cardoso, F{\'a}tima and Jer{\'o}nimo, Carmen},
  journal={Scientometrics},
  volume={113},
  number={2},
  pages={867--888},
  year={2017},
  publisher={Springer}
}



@article{bonaccorsi2010proliferation,
  title={Proliferation dynamics in new sciences},
  author={Bonaccorsi, Andrea and Vargas, Juan},
  journal={Research Policy},
  volume={39},
  number={8},
  pages={1034--1050},
  year={2010},
  publisher={Elsevier}
}



@article{gerow2018measuring,
	  title={Measuring discursive influence across scholarship},
	    author={Gerow, Aaron and Hu, Yuening and Boyd-Graber, Jordan and Blei, David M and Evans, James A},
	      journal={Proceedings of the National Academy of Sciences},
	        pages={201719792},
		  year={2018},
		    publisher={National Acad Sciences}
}



@article{bouveyron2016stochastic,
  title={The stochastic topic block model for the clustering of vertices in networks with textual edges},
  author={Bouveyron, Charles and Latouche, Pierre and Zreik, Rawya},
  journal={Statistics and Computing},
  pages={1--21},
  year={2016},
  publisher={Springer}
}



@incollection{fecher2014open,
	Author = {Fecher, Benedikt and Friesike, Sascha},
	Booktitle = {Opening science},
	Pages = {17--47},
	Publisher = {Springer},
	Title = {Open science: one term, five schools of thought},
	Year = {2014}}


@inproceedings{raimbault2017applied,
  title={An Applied Knowledge Framework to Study Complex Systems},
  author={Raimbault, Juste},
  booktitle={Complex Systems Design \& Management},
  pages={31--45},
  year={2017}
}

@article{maisonobe2013diffusion,
  title={Diffusion et structuration spatiale d'une question de recherche en biologie mol{\'e}culaire},
  author={Maisonobe, Marion},
  journal={Mappe Monde},
  volume={110},
  number={2},
  pages={13202},
  year={2013}
}

@article{newman2003structure,
  title={The structure and function of complex networks},
  author={Newman, Mark EJ},
  journal={SIAM review},
  volume={45},
  number={2},
  pages={167--256},
  year={2003},
  publisher={SIAM}
}


@book{west2017scale,
  title={Scale: The Universal Laws of Growth, Innovation, Sustainability, and the Pace of Life in Organisms, Cities, Economies, and Companies},
  author={West, Geoffrey},
  year={2017},
  publisher={Penguin}
}


@article{jacomy2014forceatlas2,
  title={ForceAtlas2, a continuous graph layout algorithm for handy network visualization designed for the Gephi software},
  author={Jacomy, Mathieu and Venturini, Tommaso and Heymann, Sebastien and Bastian, Mathieu},
  journal={PloS one},
  volume={9},
  number={6},
  pages={e98679},
  year={2014},
  publisher={Public Library of Science}
}


@article{blondel2008fast,
	Author = {Blondel, Vincent D and Guillaume, Jean-Loup and Lambiotte, Renaud and Lefebvre, Etienne},
	Journal = {Journal of statistical mechanics: theory and experiment},
	Number = {10},
	Pages = {P10008},
	Title = {Fast unfolding of communities in large networks},
	Volume = {2008},
	Year = {2008}}


@article{redner1998popular,
  title={How popular is your paper? An empirical study of the citation distribution},
  author={Redner, Sidney},
  journal={The European Physical Journal B-Condensed Matter and Complex Systems},
  volume={4},
  number={2},
  pages={131--134},
  year={1998},
  publisher={Springer}
}


@article{palchykov2016ground,
  title={Ground truth? Concept-based communities versus the external classification of physics manuscripts},
  author={Palchykov, Vasyl and Gemmetto, Valerio and Boyarsky, Alexey and Garlaschelli, Diego},
  journal={EPJ Data Science},
  volume={5},
  number={1},
  pages={28},
  year={2016},
  publisher={Springer}
}


@article{pumain2015adapting,
  title={Adapting the model of scientific publishing},
  author={Pumain, Denise},
  journal={Cybergeo: European Journal of Geography},
  year={2015},
  publisher={CNRS-UMR G{\'e}ographie-cit{\'e}s 8504}
}



@book{bracken2016interdisciplinarity,
  title={Interdisciplinarity and Geography},
  author={Bracken, Louise J},
  year={2016},
  publisher={Wiley Online Library}
}



@article{rinia2002impact,
  title={Impact measures of interdisciplinary research in physics},
  author={Rinia, Ed and van Leeuwen, Thed and van Raan, Anthony},
  journal={Scientometrics},
  volume={53},
  number={2},
  pages={241--248},
  year={2002},
  publisher={Akad{\'e}miai Kiad{\'o}, co-published with Springer Science+ Business Media BV, Formerly Kluwer Academic Publishers BV}
}


@article{porter2009science,
  title={Is science becoming more interdisciplinary? Measuring and mapping six research fields over time},
  author={Porter, Alan and Rafols, Ismael},
  journal={Scientometrics},
  volume={81},
  number={3},
  pages={719--745},
  year={2009},
  publisher={Akad{\'e}miai Kiad{\'o}, co-published with Springer Science+ Business Media BV, Formerly Kluwer Academic Publishers BV}
}


@article{porter2007measuring,
  title={Measuring researcher interdisciplinarity},
  author={Porter, Alan L and Cohen, Alex S and Roessner, J David and Perreault, Marty},
  journal={Scientometrics},
  volume={72},
  number={1},
  pages={117--147},
  year={2007},
  publisher={Springer}
}

@article{leydesdorff2007betweenness,
  title={Betweenness centrality as an indicator of the interdisciplinarity of scientific journals},
  author={Leydesdorff, Loet},
  journal={Journal of the Association for Information Science and Technology},
  volume={58},
  number={9},
  pages={1303--1319},
  year={2007},
  publisher={Wiley Online Library}
}


@article{lariviere2010relationship,
  title={On the relationship between interdisciplinarity and scientific impact},
  author={Larivi{\`e}re, Vincent and Gingras, Yves},
  journal={Journal of the Association for Information Science and Technology},
  volume={61},
  number={1},
  pages={126--131},
  year={2010},
  publisher={Wiley Online Library}
}

@article{austin1996defining,
  title={Defining interdisciplinarity},
  author={Austin, Timothy R and Rauch, Alan and Blau, Herbert and Yudice, George and van Den Berg, Sara and Robinson, Lillian S and Henkel, Jacqueline and Murray, Timothy and Schoenfield, Mark and Traub, Valerie and others},
  journal={Publications of the Modern Language Association of America},
  pages={271--282},
  year={1996},
  publisher={JSTOR}
}


@article{huutoniemi2010analyzing,
  title={Analyzing interdisciplinarity: Typology and indicators},
  author={Huutoniemi, Katri and Klein, Julie Thompson and Bruun, Henrik and Hukkinen, Janne},
  journal={Research Policy},
  volume={39},
  number={1},
  pages={79--88},
  year={2010},
  publisher={Elsevier}
}


@article{moreno2016uncertainty,
  title={On the uncertainty of interdisciplinarity measurements due to incomplete bibliographic data},
  author={Moreno, Mar{\'\i}a del Carmen Calatrava and Auzinger, Thomas and Werthner, Hannes},
  journal={Scientometrics},
  volume={107},
  number={1},
  pages={213--232},
  year={2016},
  publisher={Springer}
}


@article{omodei2017evaluating,
  title={Evaluating the impact of interdisciplinary research: A multilayer network approach},
  author={Omodei, Elisa and De Domenico, Manlio and Arenas, Alex},
  journal={Network Science},
  volume={5},
  number={2},
  pages={235--246},
  year={2017},
  publisher={Cambridge University Press}
}



@article{morin1986methode,
  title={La m{\'e}thode 3. La connaissance de la connaissance},
  author={Morin, Edgar},
  journal={Essais, Seuil},
  year={1986}
}


@article{banos2013pour,
	Author = {Banos, Arnaud},
	Journal = {HDR. Universit{\'e} Paris},
	Title = {Pour des pratiques de mod{\'e}lisation et de simulation lib{\'e}r{\'e}es en G{\'e}ographies et SHS},
	Volume = {1},
	Year = {2013}}






@article{porter2009science,
  title={Is science becoming more interdisciplinary? Measuring and mapping six research fields over time},
  author={Porter, Alan and Rafols, Ismael},
  journal={Scientometrics},
  volume={81},
  number={3},
  pages={719--745},
  year={2009},
  publisher={Akad{\'e}miai Kiad{\'o}, co-published with Springer Science+ Business Media BV, Formerly Kluwer Academic Publishers BV}
}


@inproceedings{baldwin2010language,
  title={Language identification: The long and the short of the matter},
  author={Baldwin, Timothy and Lui, Marco},
  booktitle={Human Language Technologies: The 2010 Annual Conference of the North American Chapter of the Association for Computational Linguistics},
  pages={229--237},
  year={2010},
  organization={Association for Computational Linguistics}
}


@article{bergeaud2017classifying,
	Author = {Bergeaud, Antonin and Potiron, Yoann and Raimbault, Juste},
	Journal = {PloS one},
	Number = {4},
	Pages = {e0176310},
	Title = {Classifying patents based on their semantic content},
	Volume = {12},
	Year = {2017}}




@book{bais2010praise,
  title = {In Praise of Science: Curiosity, Understanding, and Progress},
  author = {Bais, Sanders},
  year= {2010},
  publisher={MIT Press}
}



@inproceedings{lariviere201410,
  title={Measuring Interdisciplinarity},
  author={Larivi{\`e}re, Vincent and Gingras, Yves},
  booktitle={Beyond bibliometrics: Harnessing multidimensional indicators of scholarly impact},
  pages={187},
  year={2014},
  publisher={MIT Press}
}



@article{nichols2014topic,
  title={A topic model approach to measuring interdisciplinarity at the National Science Foundation},
  author={Nichols, Leah G},
  journal={Scientometrics},
  volume={100},
  number={3},
  pages={741--754},
  year={2014},
  publisher={Springer}
}



@article{natureInterdisc,
    title = {Interdisciplinarity, Nature Special Issue},
    author = {Nature},
    journal={Nature},
    month={September},
    volume={525},
    number = {7569},
    pages = {289--418},
    year = {2015},
    publisher={Nature} 
}





@misc{torpool,
  title = {TorPool v1.0, DOI : 10.5281/zenodo.53739},
  author = {Raimbault, Juste},
  year = {2016}
}






@book{cronin2014beyond,
  title={Beyond bibliometrics: Harnessing multidimensional indicators of scholarly impact},
  author={Cronin, Blaise and Sugimoto, Cassidy R},
  year={2014},
  publisher={MIT Press}
}




@misc{mendeley,
	Author = {Mendeley},
	Howpublished = {http://www.mendeley.com/},
	Title = {Mendeley Reference Manager},
	Year = {2015}}


@article{chavalarias2013phylomemetic,
	Abstract = {We introduce an automated method for the bottom-up reconstruction of the cognitive evolution of science, based on big-data issued from digital libraries, and modeled as lineage relationships between scientific fields. We refer to these dynamic structures as phylomemetic networks or phylomemies, by analogy with biological evolution; and we show that they exhibit strong regularities, with clearly identifiable phylomemetic patterns. Some structural properties of the scientific fields - in particular their density -, which are defined independently of the phylomemy reconstruction, are clearly correlated with their status and their fate in the phylomemy (like their age or their short term survival). Within the framework of a quantitative epistemology, this approach raises the question of predictibility for science evolution, and sketches a prototypical life cycle of the scientific fields: an increase of their cohesion after their emergence, the renewal of their conceptual background through branching or merging events, before decaying when their density is getting too low.},
	Author = {Chavalarias, David and Cointet, Jean-Philippe},
	Date-Added = {2016-12-12 04:13:27 +0000},
	Date-Modified = {2016-12-12 04:13:27 +0000},
	Journal = {Plos One},
	Number = {2},
	Pages = {e54847},
	Publisher = {Public Library of Science},
	Title = {Phylomemetic patterns in science evolution---the rise and fall of scientific fields},
	Volume = {8},
	Year = {2013}}

@article{pumain2005cumulativite,
	Author = {Pumain, Denise},
	Date-Added = {2016-12-12 04:04:36 +0000},
	Date-Modified = {2016-12-12 04:04:36 +0000},
	Journal = {Revue europ{\'e}enne des sciences sociales. European Journal of Social Sciences},
	Number = {XLIII-131},
	Pages = {5--12},
	Publisher = {Librairie Droz},
	Title = {Cumulativit{\'e} des connaissances},
	Year = {2005}}

@article{2016arXiv160909339A,
	Adsnote = {Provided by the SAO/NASA Astrophysics Data System},
	Adsurl = {http://adsabs.harvard.edu/abs/2016arXiv160909339A},
	Archiveprefix = {arXiv},
	Author = {{Anderson}, K.~A and {Crespi}, M. and {Sayre}, E.~C},
	Date-Added = {2016-09-30 09:41:23 +0000},
	Date-Modified = {2016-09-30 09:41:23 +0000},
	Eprint = {1609.09339},
	Journal = {ArXiv e-prints},
	Keywords = {Computer Science - Digital Libraries, Physics - Physics Education, Physics - Physics and Society},
	Month = sep,
	Primaryclass = {cs.DL},
	Title = {{Linking Behavior in the PER Coauthorship Network}},
	Year = 2016}

@article{li2016mathematicians,
	Author = {Li, Menghui and Yang, Liying and Wu, Chensheng and Shen, Zhesi and Wu, Jinshan},
	Date-Added = {2016-09-30 09:39:27 +0000},
	Date-Modified = {2016-09-30 09:39:27 +0000},
	Journal = {arXiv preprint arXiv:1609.00448},
	Title = {Do Mathematicians, Economists and Biomedical Scientists Trace Hot Topics More Strongly Than Physicists?},
	Year = {2016}}

@article{mariani2016identification,
	Author = {Mariani, Manuel Sebastian and Medo, Matus and Zhang, Yi-Cheng},
	Date-Added = {2016-09-30 09:35:13 +0000},
	Date-Modified = {2016-09-30 09:35:13 +0000},
	Journal = {arXiv preprint arXiv:1608.08414},
	Title = {Identification of milestone papers through time-balanced network centrality},
	Year = {2016}}

@article{marx2016early,
	Author = {Marx, Werner and Haunschild, Robin and Thor, Andreas and Bornmann, Lutz},
	Date-Added = {2016-09-30 09:32:33 +0000},
	Date-Modified = {2016-09-30 09:32:33 +0000},
	Journal = {arXiv preprint arXiv:1608.07960},
	Title = {Which early works are cited most frequently in climate change research literature? A bibliometric approach based on Reference Publication Year Spectroscopy},
	Year = {2016}}

@article{ke2016systematic,
	Author = {Ke, Qing and Ahn, Yong-Yeol and Sugimoto, Cassidy R},
	Date-Added = {2016-09-30 09:31:42 +0000},
	Date-Modified = {2016-09-30 09:31:42 +0000},
	Journal = {arXiv preprint arXiv:1608.06229},
	Title = {A Systematic Identification and Analysis of Scientists on Twitter},
	Year = {2016}}

@article{parinov2016end,
	Author = {Parinov, Sergey and Antonova, Victoria},
	Date-Added = {2016-09-30 09:31:05 +0000},
	Date-Modified = {2016-09-30 09:31:05 +0000},
	Journal = {arXiv preprint arXiv:1608.05505},
	Title = {End of Publication? Open access and a new scholarly communication technology},
	Year = {2016}}

@article{sikdar2016anomalies,
	Author = {Sikdar, Sandipan and Marsili, Matteo and Ganguly, Niloy and Mukherjee, Animesh},
	Date-Added = {2016-09-30 09:30:14 +0000},
	Date-Modified = {2016-09-30 09:30:14 +0000},
	Journal = {arXiv preprint arXiv:1608.04875},
	Title = {Anomalies in the peer-review system: A case study of the journal of High Energy Physics},
	Year = {2016}}

@article{heiberger2016choosing,
	Author = {Heiberger, Raphael H and Wieczorek, Oliver J},
	Date-Added = {2016-09-30 09:28:38 +0000},
	Date-Modified = {2016-09-30 09:28:38 +0000},
	Journal = {arXiv preprint arXiv:1608.03251},
	Title = {Choosing Collaboration Partners. How Scientific Success in Physics Depends on Network Positions},
	Year = {2016}}

@article{golosovsky2016growing,
	Author = {Golosovsky, Michael and Solomon, Sorin},
	Date-Added = {2016-09-30 09:28:03 +0000},
	Date-Modified = {2016-09-30 09:28:03 +0000},
	Journal = {arXiv preprint arXiv:1607.08370},
	Title = {Growing complex network of citations of scientific papers--measurements and modeling},
	Year = {2016}}

@article{pan2016memory,
	Author = {Pan, Raj K and Petersen, Alexander M and Pammolli, Fabio and Fortunato, Santo},
	Date-Added = {2016-09-30 09:05:41 +0000},
	Date-Modified = {2016-09-30 09:05:41 +0000},
	Journal = {arXiv preprint arXiv:1607.05606},
	Title = {The Memory of Science: Inflation, Myopia, and the Knowledge Network},
	Year = {2016}}

@article{xie2016geometric,
	Author = {Xie, Zheng and Xie, Zonglin and Li, Jianping and Li, Miao and Yi, Dongyun},
	Date-Added = {2016-09-30 09:00:04 +0000},
	Date-Modified = {2016-09-30 09:00:04 +0000},
	Journal = {arXiv preprint arXiv:1607.04884},
	Title = {A geometric graph model of the coevolution between citations and coauthorships in scientific papers},
	Year = {2016}}

@article{prosperi2016kin,
	Author = {Prosperi, Mattia and Buchan, Iain and Fanti, Iuri and Meloni, Sandro and Palladino, Pietro and Torvik, Vetle I},
	Date-Added = {2016-09-30 07:40:13 +0000},
	Date-Modified = {2016-09-30 07:40:13 +0000},
	Journal = {Proceedings of the National Academy of Sciences},
	Number = {32},
	Pages = {8957--8962},
	Publisher = {National Acad Sciences},
	Title = {Kin of coauthorship in five decades of health science literature},
	Volume = {113},
	Year = {2016}}

@article{thomas2016mapping,
	Author = {Thomas, John and Zaytseva, Anna},
	Date-Added = {2016-09-30 07:38:43 +0000},
	Date-Modified = {2016-09-30 07:38:43 +0000},
	Journal = {Complexity},
	Publisher = {Wiley Online Library},
	Title = {Mapping complexity/Human knowledge as a complex adaptive system},
	Year = {2016}}

@article{milojevic2016validity,
	Author = {Milojevi{\'c}, Sta{\v{s}}a and Radicchi, Filippo and Bar-Ilan, Judit},
	Date-Added = {2016-09-30 07:37:28 +0000},
	Date-Modified = {2016-09-30 07:37:28 +0000},
	Journal = {arXiv preprint arXiv:1607.03179},
	Title = {Validity of Basing Authors' Publication Strategy on Journal Impact Factors},
	Year = {2016}}

@article{medo2016model,
	Author = {Medo, Mat{\'u}{\v{s}} and Cimini, Giulio},
	Date-Added = {2016-09-30 07:35:53 +0000},
	Date-Modified = {2016-09-30 07:35:53 +0000},
	Journal = {Physical Review E},
	Number = {3},
	Pages = {032312},
	Publisher = {APS},
	Title = {Model-based evaluation of scientific impact indicators},
	Volume = {94},
	Year = {2016}}

@article{delfantibeams,
	Author = {Delfanti, Alessandro},
	Date-Added = {2016-09-30 07:35:05 +0000},
	Date-Modified = {2016-09-30 07:35:05 +0000},
	Title = {Beams of particles and papers}}

@article{bromham2016interdisciplinary,
	Author = {Bromham, Lindell and Dinnage, Russell and Hua, Xia},
	Date-Added = {2016-09-30 07:33:44 +0000},
	Date-Modified = {2016-09-30 07:33:44 +0000},
	Journal = {Nature},
	Number = {7609},
	Pages = {684--687},
	Publisher = {Nature Publishing Group},
	Title = {Interdisciplinary research has consistently lower funding success},
	Volume = {534},
	Year = {2016}}

@article{kozlowski2015innovation,
	Author = {Koz{\l}owski, Jan},
	Date-Added = {2016-09-30 07:24:06 +0000},
	Date-Modified = {2016-09-30 07:24:06 +0000},
	Journal = {Scientometrics},
	Number = {3},
	Pages = {609--628},
	Publisher = {Springer},
	Title = {Innovation indices: the need for positioning them where they properly belong},
	Volume = {104},
	Year = {2015}}

@article{kovanis2016complex,
	Author = {Kovanis, Michail and Porcher, Rapha{\"e}l and Ravaud, Philippe and Trinquart, Ludovic},
	Date-Added = {2016-09-30 07:22:46 +0000},
	Date-Modified = {2016-09-30 07:22:46 +0000},
	Journal = {Scientometrics},
	Number = {2},
	Pages = {695--715},
	Publisher = {Springer},
	Title = {Complex systems approach to scientific publication and peer-review system: development of an agent-based model calibrated with empirical journal data},
	Volume = {106},
	Year = {2016}}

@article{ciotti2015homophily,
	Author = {Ciotti, Valerio and Bonaventura, Moreno and Nicosia, Vincenzo and Panzarasa, Pietro and Latora, Vito},
	Date-Added = {2016-09-30 07:17:52 +0000},
	Date-Modified = {2016-09-30 07:17:52 +0000},
	Journal = {arXiv preprint arXiv:1511.07643},
	Title = {Homophily and missing links in citation networks},
	Year = {2015}}

@article{2009arXiv0907.2221B,
	Abstract = {TEST},
	Adsnote = {Provided by the SAO/NASA Astrophysics Data System},
	Adsurl = {http://adsabs.harvard.edu/abs/2009arXiv0907.2221B},
	Archiveprefix = {arXiv},
	Author = {{Bourgine}, P. and {Chavalarias}, D. and al.},
	Date-Added = {2016-09-29 07:50:40 +0000},
	Date-Modified = {2016-09-29 07:50:40 +0000},
	Eprint = {0907.2221},
	Isipubdate = {and {Perrier}, E. and {Amblard}, F. and {Arlabosse}, F. and {Auger}, P. and {Baillon}, J.-B. and {Barreteau}, O. and {Baudot}, P. and {Bouchaud}, E. and {Ben Amor}, S. and {Berry}, H. and {Bertelle}, C. and {Berthod}, M. and {Beslon}, G. and {Biroli}, G. and {Bonamy}, D. and {Bourcier}, D. and {Brodu}, N. and {Bui}, M. and {Burnod}, Y. and {Chapron}, B. and {Christophe}, C. and {Clement}, B. and {Coatrieux}, J.-L. and {Cointet}, J.-P. and {Dagrain}, V. and {Dauchot}, K. and {Dauchot}, O. and {Daviaud}, F. and {De Monte}, S. and {Deffuant}, G. and {Degond}, P. and {Delahaye}, J.-P. and {Doursat}, R. and {D'Ovidio}, F. and {Dubois}, M. and {Dubruelle}, B. and {Dutreix}, M. and {Faivre}, R. and {Farge}, E. and {Flandrin}, P. and {Franceschelli}, S. and {Gaucherel}, C. and {Gaudin}, J.-P. and {Ghil}, M. and {Giavitto}, J.-L. and {Ginelli}, F. and {Ginot}, V. and {Houllier}, F. and {Hubert}, B. and {Jensen}, P. and {Jullien}, L. and {Kapoula}, Z. and {Krob}, D. and {Ladieu}, F. and {Lang}, G. and {Lavelle}, C. and {Le Bivic}, A. and {Leca}, J.-P. and {Lecerf}, C. and {Legrain}, P. and {L'hote}, D. and {Loireau}, M. and {Mangin}, J.-F. and {Monga}, O. and {Morvan}, M. and {Muller}, J.-P. and {Negrutiu}, I. and {Peyreiras}, N. and {Pumain}, D. and {Radulescu}, O. and {Sallantin}, J. and {Sanchis}, E. and {Schertzer}, D. and {Schoenauer}, M. and {Sebag}, M. and {Simonet}, E. and {Six}, A. and {Tarissan}, F. and {Vincent}, P.},
	Journal = {ArXiv e-prints},
	Keywords = {Nonlinear Sciences - Adaptation and Self-Organizing Systems},
	Month = jul,
	Primaryclass = {nlin.AO},
	Title = {{French Roadmap for complex Systems 2008-2009}},
	Year = 2009}

@article{dupuy2015sciences,
	Author = {Dupuy, Gabriel and Benguigui, Lucien Gilles},
	Date-Added = {2016-09-29 07:08:17 +0000},
	Date-Modified = {2016-09-29 07:08:17 +0000},
	Journal = {M{\'e}tropoles},
	Number = {16},
	Publisher = {Philippe Genestier},
	Title = {Sciences urbaines: interdisciplinarit{\'e}s passive, na{\"\i}ve, transitive, offensive},
	Year = {2015}}

@inproceedings{bird2006nltk,
	Author = {Bird, Steven},
	Booktitle = {Proceedings of the COLING/ACL on Interactive presentation sessions},
	Date-Added = {2016-07-25 01:39:56 +0000},
	Date-Modified = {2016-07-25 01:39:56 +0000},
	Organization = {Association for Computational Linguistics},
	Pages = {69--72},
	Title = {NLTK: the natural language toolkit},
	Year = {2006}}

@article{2015arXiv151003797G,
	Adsnote = {Provided by the SAO/NASA Astrophysics Data System},
	Adsurl = {http://adsabs.harvard.edu/abs/2015arXiv151003797G},
	Archiveprefix = {arXiv},
	Author = {{Gurciullo}, S. and {Smallegan}, M. and {Pereda}, M. and {Battiston}, F. and {Patania}, A. and {Poledna}, S. and {Hedblom}, D. and {Tolga Oztan}, B. and {Herzog}, A. and {John}, P. and {Mikhaylov}, S.},
	Date-Added = {2016-07-25 01:37:42 +0000},
	Date-Modified = {2016-07-25 01:37:42 +0000},
	Eprint = {1510.03797},
	Journal = {ArXiv e-prints},
	Keywords = {Physics - Physics and Society, Computer Science - Computation and Language, Computer Science - Social and Information Networks, 91F10},
	Month = oct,
	Primaryclass = {physics.soc-ph},
	Title = {{Complex Politics: A Quantitative Semantic and Topological Analysis of UK House of Commons Debates}},
	Year = 2015}

@article{2016arXiv160208451P,
	Adsnote = {Provided by the SAO/NASA Astrophysics Data System},
	Adsurl = {http://adsabs.harvard.edu/abs/2016arXiv160208451P},
	Archiveprefix = {arXiv},
	Author = {{Palchykov}, V. and {Gemmetto}, V. and {Boyarsky}, A. and {Garlaschelli}, D.},
	Date-Added = {2016-07-25 01:37:10 +0000},
	Date-Modified = {2016-07-25 01:37:10 +0000},
	Eprint = {1602.08451},
	Journal = {ArXiv e-prints},
	Keywords = {Computer Science - Digital Libraries, Physics - Physics and Society},
	Month = feb,
	Primaryclass = {cs.DL},
	Title = {{Ground truth? Concept-based communities versus the external classification of physics manuscripts}},
	Year = 2016}

@article{shibata2008detecting,
	Author = {Shibata, Naoki and Kajikawa, Yuya and Takeda, Yoshiyuki and Matsushima, Katsumori},
	Date-Added = {2016-07-25 01:19:03 +0000},
	Date-Modified = {2016-07-25 01:19:03 +0000},
	Journal = {Technovation},
	Number = {11},
	Pages = {758--775},
	Publisher = {Elsevier},
	Title = {Detecting emerging research fronts based on topological measures in citation networks of scientific publications},
	Volume = {28},
	Year = {2008}}

@article{choi2014patent,
	Author = {Choi, Jinho and Hwang, Yong-Sik},
	Date-Added = {2016-07-25 01:18:52 +0000},
	Date-Modified = {2016-07-25 01:18:52 +0000},
	Journal = {Technological Forecasting and Social Change},
	Pages = {170--182},
	Publisher = {Elsevier},
	Title = {Patent keyword network analysis for improving technology development efficiency},
	Volume = {83},
	Year = {2014}}


@article{2014arXiv1402.7268S,
  title={Predicting scientific success based on coauthorship networks},
  author={Sarig{\"o}l, Emre and Pfitzner, Ren{\'e} and Scholtes, Ingo and Garas, Antonios and Schweitzer, Frank},
  journal={EPJ Data Science},
  volume={3},
  number={1},
  pages={9},
  year={2014},
  publisher={Springer}
}



@article{2013arXiv1310.8220N,
  title={Prediction of highly cited papers},
  author={Newman, MEJ},
  journal={EPL (Europhysics Letters)},
  volume={105},
  number={2},
  pages={28002},
  year={2014},
  publisher={IOP Publishing}
}


@inproceedings{schmid1994probabilistic,
	Annote = {https://github.com/miotto/treetagger-python/blob/master/treetagger.py},
	Author = {Schmid, Helmut},
	Booktitle = {Proceedings of the international conference on new methods in language processing},
	Date-Added = {2016-07-24 01:05:39 +0000},
	Date-Modified = {2016-07-24 01:05:39 +0000},
	Organization = {Citeseer},
	Pages = {44--49},
	Title = {Probabilistic part-of-speech tagging using decision trees},
	Volume = {12},
	Year = {1994}}

@article{noruzi2005google,
	Author = {Noruzi, Alireza},
	Date-Added = {2016-07-24 01:05:39 +0000},
	Date-Modified = {2016-07-24 01:05:39 +0000},
	Journal = {Libri},
	Number = {4},
	Pages = {170--180},
	Title = {Google Scholar: The new generation of citation indexes},
	Volume = {55},
	Year = {2005}}

@misc{harzing2007publish,
	Author = {Harzing, Anne-Wil},
	Date-Added = {2016-07-24 01:05:39 +0000},
	Date-Modified = {2016-07-24 01:05:39 +0000},
	Howpublished = {available from http://www.harzing.com/pop.htm},
	Title = {Publish or perish},
	Year = {2007}}

@article{harzing2008google,
	Author = {Harzing, AWK and van der Wal, R},
	Date-Added = {2016-07-24 01:05:39 +0000},
	Date-Modified = {2016-07-24 01:05:39 +0000},
	Title = {Google Scholar as a new source for citation analysis (this issue ESEP)},
	Year = {2008}}

@article{bohannon2014scientific,
	Author = {Bohannon, John},
	Date-Added = {2016-07-24 01:05:39 +0000},
	Date-Modified = {2016-07-24 01:05:39 +0000},
	Journal = {Science (New York, NY)},
	Number = {6166},
	Pages = {14},
	Reading = {A},
	Title = {Scientific publishing. Google Scholar wins raves--but can it be trusted?},
	Volume = {343},
	Year = {2014}}

@article{alberto2015they,
	Author = {Alberto, Baccini and Giuseppe, De Nicolao},
	Date-Added = {2016-07-24 01:05:39 +0000},
	Date-Modified = {2016-07-24 01:05:39 +0000},
	Journal = {arXiv preprint arXiv:1505.00115},
	Title = {Do they agree? Bibliometric evaluation vs informed peer review in the Italian research assessment exercise},
	Year = {2015}}

@inproceedings{garanina2015citation,
	Author = {Garanina, OS and Romanovsky, M Yu},
	Booktitle = {Proceedings of ISSI},
	Date-Added = {2016-07-24 01:05:39 +0000},
	Date-Modified = {2016-07-24 01:05:39 +0000},
	Pages = {272--277},
	Title = {Citation Distribution of Individual Scientist: Approximations of Stretch Exponential Distribution with Power Law Tails},
	Year = {2015}}

@article{2015arXiv150601280B,
	Adsnote = {Provided by the SAO/NASA Astrophysics Data System},
	Adsurl = {http://adsabs.harvard.edu/abs/2015arXiv150601280B},
	Archiveprefix = {arXiv},
	Author = {{Battiston}, F. and {Iacovacci}, J. and {Nicosia}, V. and {Bianconi}, G. and {Latora}, V.},
	Date-Added = {2016-07-24 01:05:39 +0000},
	Date-Modified = {2016-07-24 01:05:39 +0000},
	Eprint = {1506.01280},
	Journal = {ArXiv e-prints},
	Keywords = {Physics - Physics and Society, Computer Science - Social and Information Networks},
	Month = jun,
	Primaryclass = {physics.soc-ph},
	Title = {{Emergence of multiplex communities in collaboration networks}},
	Year = 2015}

@article{2015arXiv150605690S,
	Adsnote = {Provided by the SAO/NASA Astrophysics Data System},
	Adsurl = {http://adsabs.harvard.edu/abs/2015arXiv150605690S},
	Archiveprefix = {arXiv},
	Author = {{Silva}, F.~N. and {Amancio}, D.~R. and {Bardosova}, M. and {Oliveira}, Jr., O.~N. and {Costa}, L.~d.~F.},
	Date-Added = {2016-07-24 01:05:39 +0000},
	Date-Modified = {2016-07-24 01:05:39 +0000},
	Eprint = {1506.05690},
	Journal = {ArXiv e-prints},
	Keywords = {Computer Science - Social and Information Networks, Physics - Physics and Society},
	Month = jun,
	Title = {{Using network science and text analytics to produce surveys in a scientific topic}},
	Year = 2015}

@article{2015arXiv151104946D,
	Adsnote = {Provided by the SAO/NASA Astrophysics Data System},
	Adsurl = {http://adsabs.harvard.edu/abs/2015arXiv151104946D},
	Archiveprefix = {arXiv},
	Author = {{Doslu}, M. and {Bingol}, H.~O.},
	Date-Added = {2016-07-24 01:05:39 +0000},
	Date-Modified = {2016-07-24 01:05:39 +0000},
	Eprint = {1511.04946},
	Journal = {ArXiv e-prints},
	Keywords = {Computer Science - Digital Libraries, Computer Science - Information Retrieval, Computer Science - Social and Information Networks, Physics - Physics and Society, H.3.3, H.3.1},
	Month = nov,
	Primaryclass = {cs.DL},
	Title = {{Context Sensitive Article Ranking with Citation Context Analysis}},
	Year = 2015}

@article{gorraiz2016bibliometric,
	Author = {Gorraiz, Juan and Gumpenberger, Christian and Glade, Thomas},
	Date-Added = {2016-07-24 01:05:39 +0000},
	Date-Modified = {2016-07-24 01:05:39 +0000},
	Journal = {Scientometrics},
	Number = {2},
	Pages = {873--897},
	Publisher = {Springer},
	Title = {On the bibliometric coordinates of four different research fields in Geography},
	Volume = {107},
	Year = {2016}}

@article{moreno2016uncertainty,
	Author = {Moreno, Mar{\'\i}a del Carmen Calatrava and Auzinger, Thomas and Werthner, Hannes},
	Date-Added = {2016-07-24 01:05:39 +0000},
	Date-Modified = {2016-07-24 01:05:39 +0000},
	Journal = {Scientometrics},
	Number = {1},
	Pages = {213--232},
	Publisher = {Springer},
	Title = {On the uncertainty of interdisciplinarity measurements due to incomplete bibliographic data},
	Volume = {107},
	Year = {2016}}

@article{2016arXiv160106075O,
	Adsnote = {Provided by the SAO/NASA Astrophysics Data System},
	Adsurl = {http://adsabs.harvard.edu/abs/2016arXiv160106075O},
	Archiveprefix = {arXiv},
	Author = {{Omodei}, E. and {De Domenico}, M. and {Arenas}, A.},
	Date-Added = {2016-07-24 01:05:39 +0000},
	Date-Modified = {2016-07-24 01:05:39 +0000},
	Eprint = {1601.06075},
	Journal = {ArXiv e-prints},
	Keywords = {Physics - Physics and Society, Computer Science - Digital Libraries},
	Month = jan,
	Primaryclass = {physics.soc-ph},
	Title = {{Evaluating the impact of interdisciplinary research: a multilayer network approach}},
	Year = 2016}

@article{10.1371/journal.pone.0147913,
	Abstract = {<sec id="sec001"> <title>Background</title> <p>Recent controversies highlighting substandard peer review in Open Access (OA) and traditional (subscription) journals have increased the need for authors, funders, publishers, and institutions to assure quality of peer-review in academic journals. I propose that transparency of the peer-review process may be seen as an indicator of the quality of peer-review, and develop and validate a tool enabling different stakeholders to assess transparency of the peer-review process.</p> </sec> <sec id="sec002"> <title>Methods and Findings</title> <p>Based on editorial guidelines and best practices, I developed a 14-item tool to rate transparency of the peer-review process on the basis of journals' websites. In Study 1, a random sample of 231 authors of papers in 92 subscription journals in different fields rated transparency of the journals that published their work. Authors' ratings of the transparency were positively associated with quality of the peer-review process but unrelated to journal's impact factors. In Study 2, 20 experts on OA publishing assessed the transparency of established (non-OA) journals, OA journals categorized as being published by potential predatory publishers, and journals from the Directory of Open Access Journals (DOAJ). Results show high reliability across items (a = .91) and sufficient reliability across raters. Ratings differentiated the three types of journals well. In Study 3, academic librarians rated a random sample of 140 DOAJ journals and another 54 journals that had received a hoax paper written by Bohannon to test peer-review quality. Journals with higher transparency ratings were less likely to accept the flawed paper and showed higher impact as measured by the h5 index from Google Scholar.</p> </sec> <sec id="sec003"> <title>Conclusions</title> <p>The tool to assess transparency of the peer-review process at academic journals shows promising reliability and validity. The transparency of the peer-review process can be seen as an indicator of peer-review quality allowing the tool to be used to predict academic quality in new journals.</p> </sec>},
	Author = {Wicherts, Jelte M.},
	Date-Added = {2016-07-24 01:05:39 +0000},
	Date-Modified = {2016-07-25 01:14:30 +0000},
	Doi = {10.1371/journal.pone.0147913},
	Journal = {PLoS ONE},
	Month = {01},
	Number = {1},
	Pages = {e0147913},
	Publisher = {Public Library of Science},
	Title = {Peer Review Quality and Transparency of the Peer-Review Process in Open Access and Subscription Journals},
	Volume = {11},
	Year = {2016}}

@article{2016arXiv160306371G,
	Adsnote = {Provided by the SAO/NASA Astrophysics Data System},
	Adsurl = {http://adsabs.harvard.edu/abs/2016arXiv160306371G},
	Archiveprefix = {arXiv},
	Author = {{Gargiulo}, F. and {Caen}, A. and {Lambiotte}, R. and {Carletti}, T.},
	Date-Added = {2016-07-24 01:05:39 +0000},
	Date-Modified = {2016-07-24 01:05:39 +0000},
	Eprint = {1603.06371},
	Journal = {ArXiv e-prints},
	Keywords = {Mathematics - History and Overview, Computer Science - Computers and Society, Physics - Data Analysis, Statistics and Probability, Physics - Physics and Society},
	Month = mar,
	Primaryclass = {math.HO},
	Title = {{The classical origin of modern mathematics}},
	Year = 2016}

@article{2016arXiv160505870D,
	Adsnote = {Provided by the SAO/NASA Astrophysics Data System},
	Adsurl = {http://adsabs.harvard.edu/abs/2016arXiv160505870D},
	Archiveprefix = {arXiv},
	Author = {{D'Agostino}, G. and {De Nicola}, A.},
	Date-Added = {2016-07-24 01:05:39 +0000},
	Date-Modified = {2016-07-24 01:05:39 +0000},
	Eprint = {1605.05870},
	Journal = {ArXiv e-prints},
	Keywords = {Computer Science - Social and Information Networks, Physics - Physics and Society},
	Month = may,
	Title = {{Interests Diffusion on a Semantic Multiplex}},
	Year = 2016}

@article{2016arXiv160500826L,
	Adsnote = {Provided by the SAO/NASA Astrophysics Data System},
	Adsurl = {http://adsabs.harvard.edu/abs/2016arXiv160500826L},
	Archiveprefix = {arXiv},
	Author = {{Liu}, Q. and {Xie}, Z. and {Dong}, E. and {Li}, J.},
	Date-Added = {2016-07-24 01:05:39 +0000},
	Date-Modified = {2016-07-24 01:05:39 +0000},
	Eprint = {1605.00826},
	Journal = {ArXiv e-prints},
	Keywords = {Physics - Physics and Society, Computer Science - Digital Libraries},
	Month = may,
	Primaryclass = {physics.soc-ph},
	Title = {{Geometric modeling for citation networks with linearly growing scientific paper increment}},
	Year = 2016}

@article{2016arXiv160500509O,
	Adsnote = {Provided by the SAO/NASA Astrophysics Data System},
	Adsurl = {http://adsabs.harvard.edu/abs/2016arXiv160500509O},
	Archiveprefix = {arXiv},
	Author = {{Orosz}, K. and {Farkas}, I.~J. and {Pollner}, P.},
	Date-Added = {2016-07-24 01:05:39 +0000},
	Date-Modified = {2016-07-24 01:05:39 +0000},
	Eprint = {1605.00509},
	Journal = {ArXiv e-prints},
	Keywords = {Computer Science - Digital Libraries, Computer Science - Social and Information Networks, Physics - Data Analysis, Statistics and Probability, Physics - Physics and Society},
	Month = may,
	Primaryclass = {cs.DL},
	Title = {{Quantifying the changing role of past publications}},
	Year = 2016}

@article{10.1371/journal.pone.0156978,
	Abstract = {<p>Impactful academic research plays a stellar role in society, pressing to ask the question of how one measures the impact created by different areas of academic research. Measuring the societal, cultural, economic and scientific impact of research is currently the priority of the National Science Foundation, European Commission and several research funding agencies. The recently concluded United Kingdom?s national research quality exercise, the Research Excellence Framework (REF) 2014, which piloted impact assessment as part of the overall evaluation offers a lens to view how impact of research in different disciplines can be measured. Overall research quality was assessed through quality of outputs, ?impact? and research environment. We performed two studies using the REF 2014 as a case study. The first study on 363 Impact Case Studies (ICSs) submitted in 5 research areas (UoAs) reveals that, in general, the impact scores were constructed upon a combination of factors i.e. quantity of quartile-one (Q1) publications, quantity and value of grants/income, number of researchers stated in the ICSs, spin-offs created, discoveries/patents and presentation of esteem data, informing researchers/ academics of the factors to consider in order to achieve a better impact score in research impact assessments. However, there were differences among disciplines in terms of the role played by the factors in achieving their overall scores for the ICSs. The outcome of this study is thus a set of impact indicators, and their relationship with the overall score of impact of research in different disciplines as determined in REF2014, which would in the first instance provide some answers to impact measures that would be useful for researchers in different disciplines. The second study extracts the general themes of impact reported by universities by performing a word frequency analysis in all the ICSs submitted in the five chosen research areas, which were substantially varied owing to their fields.</p>},
	Author = {Chowdhury, Gobinda AND Koya, Kushwanth AND Philipson, Pete},
	Date-Added = {2016-07-24 01:05:39 +0000},
	Date-Modified = {2016-07-25 01:14:25 +0000},
	Doi = {10.1371/journal.pone.0156978},
	Journal = {PLoS ONE},
	Month = {06},
	Number = {6},
	Pages = {1-15},
	Publisher = {Public Library of Science},
	Title = {Measuring the Impact of Research: Lessons from the UK?s Research Excellence Framework 2014},
	Volume = {11},
	Year = {2016}}
