
@article{garfield1970citation,
  title={Citation indexing for studying science},
  author={Garfield, Eugene},
  journal={Nature},
  volume={227},
  number={5259},
  pages={669--671},
  year={1970},
  publisher={Springer}
}

@article{chavalarias2013phylomemetic,
  title={Phylomemetic patterns in science evolutionâ€”the rise and fall of scientific fields},
  author={Chavalarias, David and Cointet, Jean-Philippe},
  journal={PloS one},
  volume={8},
  number={2},
  pages={e54847},
  year={2013},
  publisher={Public Library of Science}
}


@article{kosmopoulos2007citation,
  title={Citation, citation, citation: Bibliometrics, the web and the social sciences and humanities},
  author={Kosmopoulos, Christine and Pumain, Denise},
  journal={Cybergeo: European Journal of Geography},
  year={2007},
  publisher={CNRS-UMR G{\'e}ographie-cit{\'e}s 8504}
}